00100000         246270518000146000435789           0334800000000062715XSPAAL INDUSTRIA E COMERCIO LTDBANCO DO BRASIL SA                      21702202308043500000908100000CDC241              0000                                             
0010000111201102202300010000001246270518000146      000435789           0334800000000062715XSPAAL INDUSTRIA E COMERCIO LTD01                                                                                                                    
0010001300001H0CLAYTON FERREIRA DA SILVA           2763240089327632400893 1 2 00000000000000000 20503202307121907202205082023000204732000208997000021504000116074113339994           01000000000000000000                                       
0010001300002H0JOHANY NASCIMENTO DA SILVA          3540232583935402325839 1 2 00000000000000000 20503202307442207202205042026000749302000749302000029836000700179113576504           01000000000000000000                                       
0010001300003H0FRANCISCO JONAS DA SILVA            0087764830100877648301 1 2 00000000000000000 20503202307342607202205062025000895010000895010000041105000797391113728784           01000000000000000000                                       
0010001300004H0RODRIGO MASCARENHAS REBOUCAS        3310121186733101211867 1 2 00000000000000000 20503202307272607202205112024001291086001291086000068059001086472113748294           01000000000000000000                                       
0010001300005H0MANOEL SANTANA DE LIMA              3392493384733924933847 1 2 00000000000000000 20503202307272607202205112024000736907000736907000039282000621592113751109           01000000000000000000                                       
0010001300006H0CLAUDIA MARIA PEREIRA DA SILVA      0839160089008391600890 1 2 00000000000000000 20503202307452607202205052026001081950001081950000041731001008581113755362           01000000000000000000                                       
0010001300007H0KARINE FARIAS NEVES                 4306231585743062315857 1 2 00000000000000000 20503202307482907202205082026004562757004562757000164588004264688113942584           01000000000000000000                                       
0010001300008H0LETICIA CRISTINA DA SILVA MACI      4504108488245041084882 1 2 00000000000000000 20503202307240408202205082024000533914000548044000028962000434578114180546           01000000000000000000                                       
0010001300009H0JOSE GOMES FILHO                    4464291147244642911472 1 2 00000000000000000 20503202306291008202205022025001235915001235915000062933001108332114566044           01000000000000000000                                       
0010001300010H0THIAGO DOS SANTOS FERREIRA          3173800680831738006808 1 2 00000000000000000 20503202306481108202205092026000500000000515170000017039000489270114703654           01000000000000000000                                       
0010001300011H0MAGNA BARBOSA ARRUDA                1774519887917745198879 1 2 00000000000000000 20503202306480109202205092026001300000001338137000048246001264664114779190           01000000000000000000                                       
0010001300012H0MARIA APARECIDA SILVA DE OLIVE      1004666381910046663819 1 2 00000000000000000 20503202306101508202205072023000100000000101892000012258000055996114905962           01000000000000000000                                       
0010001300013H0LAERTE MEIRELES GUERRA              1451225385814512253858 1 2 00000000000000000 20503202306442308202205052026001422400001422400000055664001345328115390935           01000000000000000000                                       
0010001300014H0LAERTE MEIRELES GUERRA              1451225385814512253858 1 2 00000000000000000 20503202306432308202205042026000692564000692564000027887000654448115392013           01000000000000000000                                       
0010001300015H0FRANCISCO EDUARDO RAMOS DE PAU      3492121683534921216835 1 2 00000000000000000 20503202306240209202205092024000470000000482327000027005000404868115800607           01000000000000000000                                       
0010001300016H0TIAGO DA SILVA VASCONCELOS          4287129482842871294828 1 2 00000000000000000 20503202305480609202205102026000763500000786759000026090000760134116102353           01000000000000000000                                       
0010001300017H0THIAGO DOS SANTOS FERREIRA          3173800680831738006808 1 2 00000000000000000 20503202305410909202205032026001191197001191197000049001001148349116293160           01000000000000000000                                       
0010001300018H0IVONETE APARECIDA DOS SANTOS        0964157187709641571877 1 2 00000000000000000 20503202305461309202205082026001374277001374277000052951001334334116505727           01000000000000000000                                       
0010001300019H0RONALDO SOUZA PEREIRA               8848377050488483770504 1 2 00000000000000000 20503202305371409202205112025001496500001540493000060045001442531116664540           01000000000000000000                                       
0010001300020H0RODRIGO MASCARENHAS REBOUCAS        3310121186733101211867 1 2 00000000000000000 20503202305242009202205102024000410000000420988000023804000371426117016527           01000000000000000000                                       
0010001300021H0DANIEL PEREIRA RUAS                 3977233980339772339803 1 2 00000000000000000 20503202305482309202205102026000557800000574528000018840000548923117213000           01000000000000000000                                       
0010001300022H0CRISTIANE APARECIDA BARBOSA         1556511086615565110866 1 2 00000000000000000 20503202305450410202205072026000753493000753493000029312000717823117349613           01000000000000000000                                       
0010001300023H0CELMA NEVES SANTANA                 3808718684238087186842 1 2 00000000000000000 20503202305352909202205092025001021768001021768000045322000951347117465369           01000000000000000000                                       
0010001300024H0HELIO ALVES BORGES                  2624072659126240726591 1 2 00000000000000000 20503202304480610202205112026001020647001037949000042230001037252117778031           01000000000000000000                                       
0010001300025H0ELIANE APARECIDA FERNANDES          2217641883222176418832 1 2 00000000000000000 20503202304410710202205042026001006244001006244000041501000987997117819989           01000000000000000000                                       
0010001300026H0VANESSA CRISTINA DOS SANTOS         2241284181022412841810 1 2 00000000000000000 20503202304480710202205112026001411609001454586000048236001425233117825689           01000000000000000000                                       
0010001300027H0ELIANE APARECIDA FERNANDES          2217641883222176418832 1 2 00000000000000000 20503202304481310202205112026000229429000236179000009728000234768118153249           01000000000000000000                                       
0010001300028H0LUCAS BATISTA GARGORIANO            3867878188238678781882 1 2 00000000000000000 20503202304481410202205112026001551236001590730000064091001576977118290628           01000000000000000000                                       
0010001300029H0FABIO ALVES DA SILVA                3023075883530230758835 1 2 00000000000000000 20503202304481810202205112026001697700001748868000057577001701241118466564           01000000000000000000                                       
0010001300030H0MATHEUS CORREIA ALVES PEREIRA       4697166582146971665821 1 2 00000000000000000 20503202304481910202205112026001180000001215533000039992001181655118616889           01000000000000000000                                       
0010001300031H0JOSE GOMES FILHO                    4464291147244642911472 1 2 00000000000000000 20503202304242710202205112024000216756000222421000013383000204516119021626           01000000000000000000                                       
0010001300032H0EVERALDO BISPO SA                   9565979050095659790500 1 2 00000000000000000 20503202303480112202205122026001393881001397883000053396001374120119733555           01000000000000000000                                       
0010001300033H0ALZIRA MARIA ALMEIDA DOS SANTO      2850784680728507846807 1 2 00000000000000000 20503202303250212202205012025000817320000817320000045659000772316121004215           01000000000000000000                                       
0010001300034H0JANAINA AURELIANO DA SILVA          0594067359705940673597 1 2 00000000000000000 20503202302241412202205012025000207461000213006000013016000211603121845434           01000000000000000000                                       
0010001300035H0TAIS APARECIDA DIAS DA SILVA        3953013181039530131810 1 2 00000000000000000 20503202302481912202205012027000586756000603893000024815000608760122164815           01000000000000000000                                       
0010001300036H0CAROLINE FARIAS MELO                4038882985040388829850 1 2 00000000000000000 20503202302122612202205012024000509775000520072000053131000488617122779084           01000000000000000000                                       
0010001300037H0EDLAINE CARVALHO DE SOUZA           2545801380825458013808 1 2 00000000000000000 20503202302480401202305012027001303000001341650000043680001325568123266584           01000000000000000000                                       
0010001300038H0ALBERDAN BERTOLINO PEREIRA          4503114239145031142391 1 2 00000000000000000 20503202302420501202305072026002000000002058363000072769002026555123337570           01000000000000000000                                       
0010001300039H0MOISES GONCALVES LIMA               3556563185835565631858 1 2 00000000000000000 20503202301480302202305022027000335442000345251000012427000345818124561731           01000000000000000000                                       
0010001300040H0ILZA APARECIDA DIAS                 1257813285212578132852 1 2 00000000000000000 20503202301482001202305022027001200000001236073000040641001249132124808767           01000000000000000000                                       
0010001300041H0LUIZ GONZAGA SANTOS SILVEIRA        5990787812059907878120 1 2 00000000000000000 20503202301372001202305032026001328689001328689000057490001347283124837097           01000000000000000000                                       
0010001300042H0ANNALI BARBOZA DA SILVA PEREIR      0897525540908975255409 1 2 00000000000000000 20503202301122301202305022024000203542000207691000021256000210448124937515           01000000000000000000                                       
0010001300043H0DOUGLAS DA CRUZ SANTANA             3549817282635498172826 1 2 00000000000000000 20503202301482401202305022027000643891000662912000024058000669466125094439           01000000000000000000                                       
0010001300044H0GISELE GOMES DE SOUSA FARIAS        3254074882132540748821 1 2 00000000000000000 20503202301482701202305022027000503572000518403000018767000522242125359544           01000000000000000000                                       
0010001300045H0LAERTE MEIRELES GUERRA              145122538581           1 2 00000000000000000 20503202301483001202305022027000340300000350291000012650000352018125518401           01000000000000000000                                       
0010001300046H0MOISES GONCALVES LIMA               3556563185835565631858 1 2 00000000000000000 20503202301403101202305062026000741659000741659000030839000744996125547688           01000000000000000000                                       
0010001300047H0MOISES GONCALVES LIMA               3556563185835565631858 1 2 00000000000000000 20503202301473101202305012027000425729000425729000016260000427644125547690           01000000000000000000                                       
00100015000000100004901807000000001849056000000000000000000000000000000000000000000000000000000000000000000000                                                                                                                                  
00199999         000001000051000000                                                                                                                                                                                                             
