00100000         2462705180001460007532430126       0334800000001104950 SPAAL INDUSTRIA E COMERCIO LTDBANCO DO BRASIL                         21609202306312600107703000000201190761CBR438                                                      
0010001110300010 20462705180001460007532430126       0334800000001104950 SPAAL INDUSTRIA E COMERCIO LTD                                                                                                                                 00753243
0010001300001G 01756989492000146544013214013887502001777210012038887170000102SARC SERVICOS ADMINISTRATIVOS 031020230000000014654400000000000000000992354           0000000000000001021209202304627051800014600000000000000000000000000030032024 
0010001300002H 012061403481000170INDUSTRIAS GERAIS DE PARAFUSOS INGEPAL L000000000000000000000000000000000000000000000000300000000000000000000000000000000000000                                                                                
0010001300003G 01033979501000011640099799753000000030971001012048775225000146SEIKI INDUSTRIA COMERCIO E CON1210202300000000011640000000000000000009076252001       0000000000000001021409202304627051800014600000000000000000000000012009042024 
0010001300004G 01237949521000075820006560913325816333007431002006155723000146SEAL JET BRASIL               011120230000000007582000000000000000000919019 2 2       0000000000000001021509202304627051800014600000000000000000000000010531122023 
0010001300005H 010000000000000000                                        000000000000000000000000000000000000000000000000202112023000000000000200000000000000000                                                                                
0010001300006G 01237919491000075830006560913325816332007431002006155723000146SEAL JET BRASIL               021020230000000007583000000000000000000919019 1 2       0000000000000001021509202304627051800014600000000000000000000000010501122023 
0010001300007H 010000000000000000                                        000000000000000000000000000000000000000000000000203102023000000000000200000000000000000                                                                                
0010001300008G 01341979508000107262715700040385485140883200002062639158000163METALURGICA ESTAMPARIA L LTDA 1910202300000000107262700000000000000009028420          0000000000000003021509202304627051800014600000000000000000000000000019102033 
0010001300009G 01341939504000004010015700002163086990521820002001165629000154TECNERG GERACAO T ENERGIA LTDA1510202300000000004010000000000000000009271.18884       0000000000000001031509202304627051800014600000000000000000000000000015102033 
0010001300010H 010000000000000000                                        000000000000000000000000000000000000000000000000116102023000000000000802000000000000000                                                                                
0010001300011G 01341919515000035223810900012019914911631740002058289521000190FRAGON PROD IND DE BORR LTDA  2610202300000000035223800000000000000009254771 2        0000000000000003031409202304627051800014600000000000000000000000000026102033 
0010001300012H 010000000000000000                                        000000000000000000000000000000000000000000000000128102023000000000007044000000000000000                                                                                
0010001300013G 01341919508000035223810900012018114911631740002058289521000190FRAGON PROD IND DE BORR LTDA  1910202300000000035223800000000000000009254771 1        0000000000000003031409202304627051800014600000000000000000000000000019102033 
0010001300014H 010000000000000000                                        000000000000000000000000000000000000000000000000121102023000000000007044000000000000000                                                                                
0010001300015G 01237919502000258946804960932580000074040781602017198452000122REAL TIME FIDC PADRONIZADO    1310202300000000258946800000000000000009164266 001      0000000000000001021509202304627051800014600000000000000000000000000012122023 
0010001300016H 012071586952000187ARMCO DO BRASIL S A                     000000000000000000000000000000000000000000000000214102023000000000000200000000000000000                                                                                
0010001300017G 01237929502000178176404960932580000075040781602017198452000122REAL TIME FIDC PADRONIZADO    1310202300000000178176400000000000000009164267 001      0000000000000001021509202304627051800014600000000000000000000000000012122023 
0010001300018H 012071586952000187ARMCO DO BRASIL S A                     000000000000000000000000000000000000000000000000214102023000000000000200000000000000000                                                                                
0010001300019G 01237959509000011200033910900000696126000696302026690689000117CONTINENTALBANCO NP FIDC.     2010202300000000011200000000000000000009068706 001      0000000000000001021509202304627051800014600000000000000000000000000019122023 
0010001300020H 012049493653000149PROQUITEC IND DE PRODS QUIMICOS E REP CO000000000000000000000000000000000000000000000000221102023000000000000200000000000000000                                                                                
00100015         000022000000000009398775                                                                                                                                                                                                       
00199999         000001000024000000                                                                                                                                                            00000000000000000000000000000                    
