00100000         2462705180001460007532430126       0334800000001104950 SPAAL INDUSTRIA E COMERCIO LTDBANCO DO BRASIL                         21207202306310700098203000000201190761CBR438                                                      
0010001110300010 20462705180001460007532430126       0334800000001104950 SPAAL INDUSTRIA E COMERCIO LTD                                                                                                                                 00753243
0010001300001G 01001959417000021899300000015943380000862940172008848231000161ATUAL CARGAS TRANSPORTES LTDA 20072023000000000218993000000000000000090013398682      0000000000000001151107202304627051800014600000000000000000000000010620072023 
0010001300002H 010000000000000000                                        000000000000000000000000000000000000000000000000220072023000000000000200000000000000000                                                                                
0010001300003G 01001969417000001650000000015943380000862941172008848231000161ATUAL CARGAS TRANSPORTES LTDA 20072023000000000016500000000000000000090013398691      0000000000000001151107202304627051800014600000000000000000000000010620072023 
0010001300004H 010000000000000000                                        000000000000000000000000000000000000000000000000220072023000000000000200000000000000000                                                                                
0010001300005G 01001949457000048855806233813153336900001379312002275654000153GRAFICA SUPREMA EMBALAGENS LTD2908202300000000048855800000000000000009 56682   3      0000000000000003151107202304627051800014600000000000000000000000020529082023 
00100015         000007000000000000724051                                                                                                                                                                                                       
00199999         000001000009000000                                                                                                                                                            00000000000000000000000000000                    
