00100000         2462705180001460007532430126       0334800000001104950 SPAAL INDUSTRIA E COMERCIO LTDBANCO DO BRASIL                         22908202306312700105003000000201190761CBR438                                                      
0010001110300010 20462705180001460007532430126       0334800000001104950 SPAAL INDUSTRIA E COMERCIO LTD                                                                                                                                 00753243
0010001300001G 01001949466000027810600000015943380000878229172008848231000161ATUAL CARGAS TRANSPORTES LTDA 07092023000000000278106000000000000000090013573662      0000000000000001152808202304627051800014600000000000000000000000010607092023 
0010001300002H 010000000000000000                                        000000000000000000000000000000000000000000000000207092023000000000000200000000000000000                                                                                
0010001300003G 01001919466000001299900000015943380000878230172008848231000161ATUAL CARGAS TRANSPORTES LTDA 07092023000000000012999000000000000000090013573671      0000000000000001152808202304627051800014600000000000000000000000010607092023 
0010001300004H 010000000000000000                                        000000000000000000000000000000000000000000000000207092023000000000000200000000000000000                                                                                
0010001300005G 01001949482000042995606236519044336900001379312002275654000153GRAFICA SUPREMA EMBALAGENS LTD2309202300000000042995600000000000000009 57601   1      0000000000000003152808202304627051800014600000000000000000000000020523092023 
0010001300006G 01001919497000042982706236519045336900001379312002275654000153GRAFICA SUPREMA EMBALAGENS LTD0810202300000000042982700000000000000009 57601   2      0000000000000003152808202304627051800014600000000000000000000000020508102023 
00100015         000008000000000001150888                                                                                                                                                                                                       
00199999         000001000010000000                                                                                                                                                            00000000000000000000000000000                    
