00100000         2462705180001460007532430126       0334800000001104950 SPAAL INDUSTRIA E COMERCIO LTDBANCO DO BRASIL                         21210202306305800111303000000201190761CBR438                                                      
0010001110300010 20462705180001460007532430126       0334800000001104950 SPAAL INDUSTRIA E COMERCIO LTD                                                                                                                                 00753243
0010001300001G 01001999515000011004400000026607030000023055172014999012000186POLICOMP COMERCIO DE COMPONENT261020230000000001100440000000000000000925893           0000000000000001151110202304627051800014600000000000000000000000000026102023 
0010001300002H 012000000000000000                                        000000000000000000000000000000000000000000000000226102023000000000000200000000000000000                                                                                
00100015         000004000000000000110044                                                                                                                                                                                                       
00199999         000001000006000000                                                                                                                                                            00000000000000000000000000000                    
