00100000         2462705180001460007532430126       0334800000001104950 SPAAL INDUSTRIA E COMERCIO LTDBANCO DO BRASIL                         23008202306311400105303000000201190761CBR438                                                      
0010001110300010 20462705180001460007532430126       0334800000001104950 SPAAL INDUSTRIA E COMERCIO LTD                                                                                                                                 00753243
0010001300001G 01341919485000182220015700042708503600773170002046853669000127ELETROEROSAO JAPAX IND COM LT 260920230000000018222000000000000000000940.718          0000000000000001022908202304627051800014600000000000000000000000000026092033 
0010001300002G 01341969492000025205910933366940200564524020002039730881000131CREDIX SECURITIZADORA S A     0310202300000000025205900000000000000009000119761-      0000000000000001032908202304627051800014600000000000000000000000000003102033 
0010001300003H 012007020252000121AMR INDUSTRIA E COMERCIO DE PR          000000000000000000000000000000000000000000000000300000000000000000000000000000000000000                                                                                
0010001300004G 01341949502000025205910933366941000564524020002039730881000131CREDIX SECURITIZADORA S A     1310202300000000025205900000000000000009000119761-      0000000000000001032908202304627051800014600000000000000000000000000013102033 
0010001300005H 012007020252000121AMR INDUSTRIA E COMERCIO DE PR          000000000000000000000000000000000000000000000000300000000000000000000000000000000000000                                                                                
0010001300006G 01341919512000025205910933366942800564524020002039730881000131CREDIX SECURITIZADORA S A     2310202300000000025205900000000000000009000119761-      0000000000000001032908202304627051800014600000000000000000000000000023102033 
0010001300007H 012007020252000121AMR INDUSTRIA E COMERCIO DE PR          000000000000000000000000000000000000000000000000300000000000000000000000000000000000000                                                                                
0010001300008G 01341989484000010557311263082666015720874580002058958893000162BASILE QUIMICA IND COM LTDA   2509202300000000010557300000000000000009154607 1        0000000000000003032808202304627051800014600000000000000000000000000025092033 
0010001300009G 01237979481000001670424220900000026557002773002036112686000150PROSPERITY SECURITIZADORA S.A.220920230000000000167040000000000000000933403           0000000000000001022508202304627051800014600000000000000000000000000021112023 
0010001300010H 012029846341000164SELBER TRATAMENTO DE METAIS LTDA        000000000000000000000000000000000000000000000000223092023000000000000200000000000000000                                                                                
0010001300011G 01237999491000020406824220900000026568002773002036112686000150PROSPERITY SECURITIZADORA S.A.021020230000000002040680000000000000000933424           0000000000000001022808202304627051800014600000000000000000000000000001122023 
0010001300012H 012029846341000164SELBER TRATAMENTO DE METAIS LTDA        000000000000000000000000000000000000000000000000203102023000000000000200000000000000000                                                                                
0010001300013G 01745979477000011017631820643090210070114012032060619202000148MESSER GASES LTDA             18092023000000000110176000000000000000098637924701      0000000000000001032808202304627051800014600000000000000000000000000017112023 
00100015         000015000000000003014898                                                                                                                                                                                                       
00199999         000001000017000000                                                                                                                                                            00000000000000000000000000000                    
