00100000         2462705180001460007532430126       0334800000001104950 SPAAL INDUSTRIA E COMERCIO LTDBANCO DO BRASIL                         20408202306310500101703000000201190761CBR438                                                      
0010001110300010 20462705180001460007532430126       0334800000001104950 SPAAL INDUSTRIA E COMERCIO LTD                                                                                                                                 00753243
0010001300001G 01341919455000009500015700000011980447784810002060746518000109TRANSPORTADORA TRANSLECCHI LTD2708202300000000009500000000000000000009560115B         0000000000000001020308202304627051800014600000000000000000000000000027082033 
0010001300002G 01033919456000011260099799753000000030573101012048775225000146SEIKI INDUSTRIA COMERCIO E CON2808202300000000011260000000000000000009075604001       0000000000000001023107202304627051800014600000000000000000000000012024022024 
0010001300003G 01364910000000009000000003000283140000000074802054945746000105ELETRODIESEL COMERCIAL EIRELI 3108202300000000009000000000000000000009                0000000000000001020308202304627051800014600000000000000000000000000029112023 
0010001300004H 012054945746000105ELETRODIESEL COMERCIAL LTDA             000000000000000000000000000000000000000000000000201092023000000000001000000000000000000                                                                                
0010001300005G 01341989443000043285510917118798031504201190002001382443000157MULTILIXO REMOC LIXO S C LTDA 1508202300000000043285500000000000000009396372          0000000000000003050208202304627051800014600000000000000000000000000015082033 
0010001300006G 01033999436000026177590260561000000000001601012049932774000140DPRO5K PRODUTORA E MARKETING L080820230000000002617750000000000000000900000020        0000000000000001040308202304627051800014600000000000000000000000000006092023 
0010001300007H 010000000000000000                                        000000000000000000000000000000000000000000000000110082023000000000000052000000000000000                                                                                
0010001300008G 01237959459000048410714510900000019961003605502042580318000139VNF FACTORING MERCANTIL DE NEG31082023000000000484107000000000000000091996-1          0000000000000001020308202304627051800014600000000000000000000000000030102023 
0010001300009H 012041575733000131QPLAST IND E COM EMB PLAST EIRELI       000000000000000000000000000000000000000000000000300000000000000000000000000000000000000                                                                                
0010001300010G 01237949466000048410614510900000019962003605502042580318000139VNF FACTORING MERCANTIL DE NEG07092023000000000484106000000000000000091996-2          0000000000000001020308202304627051800014600000000000000000000000000006112023 
0010001300011H 012041575733000131QPLAST IND E COM EMB PLAST EIRELI       000000000000000000000000000000000000000000000000300000000000000000000000000000000000000                                                                                
0010001300012G 01237919473000048410614510900000019963003605502042580318000139VNF FACTORING MERCANTIL DE NEG14092023000000000484106000000000000000091996-3          0000000000000001020308202304627051800014600000000000000000000000000013112023 
0010001300013H 012041575733000131QPLAST IND E COM EMB PLAST EIRELI       000000000000000000000000000000000000000000000000300000000000000000000000000000000000000                                                                                
0010001300014G 01341959456000013500010900051751902100833580002051567105000168INPLASF INDUSTRIA P F LTDA    28082023000000000135000000000000000000096518            0000000000000001030308202304627051800014600000000000000000000000000028082033 
0010001300015G 01341919457000069048610900566173301379344020002009328663000104GRUPO GONCALVES DIAS S A      290820230000000006904860000000000000000906960601        0000000000000001030108202304627051800014600000000000000000000000000029082033 
0010001300016G 01341939463000213871611258368563416085555020002027771613000189CONQUEST B F I E D CRED MULTI 040920230000000021387160000000000000000970682-001       0000000000000001030108202304627051800014600000000000000000000000000004092033 
0010001300017H 012004547319000192INTERNACIONAL RUBBER SEALS IND          000000000000000000000000000000000000000000000000105092023000000000042774000000000000000                                                                                
0010001300018G 01341919458000044076511258401976702021228340002002275654000153GRAFICA SUPREMA EMB LTDA      300820230000000004407650000000000000000957220   1       0000000000000003023107202304627051800014600000000000000000000000000030082033 
0010001300019G 01341919473000044063311258401977502021228340002002275654000153GRAFICA SUPREMA EMB LTDA      140920230000000004406330000000000000000957220   2       0000000000000003023107202304627051800014600000000000000000000000000014092033 
0010001300020G 01341979488000044063311258401978302021228340002002275654000153GRAFICA SUPREMA EMB LTDA      290920230000000004406330000000000000000957220   3       0000000000000003023107202304627051800014600000000000000000000000000029092033 
0010001300021G 01237939458000003685841501932150000049005272602061288353000123VEDABRAS                      30082023000000000036858000000000000000090000641654      0000000000000001020308202304627051800014600000000000000000000000010529102023 
0010001300022H 012061288353000123RETENTORES VEDABRAS IND. E COM. LTDA    000000000000000000000000000000000000000000000000231082023000000000000200000000000000000                                                                                
0010001300023G 01341989443000036137710900017345132473709540002018661402000100MASTER MED G A R S LTDA EPP   150820230000000003613770000000000000000935100           0000000000000001050308202304627051800014600000000000000000000000000015082033 
0010001300024H 010000000000000000                                        000000000000000000000000000000000000000000000000116082023000000000007227000000000000000                                                                                
0010001300025G 01237959456000000700908950900996112998007200002003034433000156CAMARA DE COMERCIALIZACAO DE E2808202300000000000700900000000000000009996112998       0000000000000001020208202304627051800014600000000000000000000000000022012024 
0010001300026H 010000000000000000                                        000000000000000000000000000000000000000000000000229082023000000000000200000000000000000                                                                                
0010001300027G 01237959465000051654929390929390003391000741402009624100000163FELLOW                        06092023000000000516549000000000000000094702-A 23       0000000000000001020308202304627051800014600000000000000000000000000005112023 
0010001300028H 012022094184000139FLUONSEALS IND COM POL METROS           000000000000000000000000000000000000000000000000300000000000000000000000000000000000000                                                                                
00100015         000030000000000007652575                                                                                                                                                                                                       
00199999         000001000032000000                                                                                                                                                            00000000000000000000000000000                    
