00100000         2462705180001460007532430126       0334800000001104950 SPAAL INDUSTRIA E COMERCIO LTDBANCO DO BRASIL                         22608202306312000104903000000201190761CBR438                                                      
0010001110300010 20462705180001460007532430126       0334800000001104950 SPAAL INDUSTRIA E COMERCIO LTD                                                                                                                                 00753243
0010001300001G 01341949505000031073611262416485412682569950002051938702000151AGEL ANEIS GAXETAS EQP LTDA   16102023000000000310736000000000000000091-32571         0000000000000001031708202304627051800014600000000000000000000000000016102033 
0010001300002G 01341999505000006296811262416487012682569950002051938702000151AGEL ANEIS GAXETAS EQP LTDA   16102023000000000062968000000000000000091-32573         0000000000000001031708202304627051800014600000000000000000000000000016102033 
0010001300003G 01341999505000140102311262416486212682569950002051938702000151AGEL ANEIS GAXETAS EQP LTDA   16102023000000001401023000000000000000091-32572         0000000000000001031708202304627051800014600000000000000000000000000016102033 
0010001300004G 01341919505000190156011262416488812682569950002051938702000151AGEL ANEIS GAXETAS EQP LTDA   16102023000000001901560000000000000000091-32574         0000000000000001031708202304627051800014600000000000000000000000000016102033 
0010001300005G 01341999481000028545215700046019507094510900002061352316000137REDIAM FERR DIAM LTDA ME      220920230000000002854520000000000000000930896/S3        0000000000000001022508202304627051800014600000000000000000000000000022092033 
0010001300006H 010000000000000000                                        000000000000000000000000000000000000000000000000123092023000000000005709000000000000000                                                                                
0010001300007G 01756919479000017445014379010978841000137810012009222804000100NAGAMURA E MARQUES FERRAMENTAS20092023000000000174450000000000000000091651            0000000000000001022508202304627051800014600000000000000000000000011017032024 
0010001300008H 010000000000000000                                        000000000000000000000000000000000000000000000000221092023000000000000300000000000000000                                                                                
0010001300009G 01422919498000020778370270000581721196730677022017940426000128RUBBER SOUL BORRACHAS INDUSTR 091020230000000002077830000000000000000932176-02        0000000000000001022508202304627051800014600000000000000000000000000007012024 
0010001300010G 01422979483000020778370270000581721196730676922017940426000128RUBBER SOUL BORRACHAS INDUSTR 240920230000000002077830000000000000000932176-01        0000000000000001022508202304627051800014600000000000000000000000000023122023 
0010001300011G 01422949513000020778470270000581721196730677122017940426000128RUBBER SOUL BORRACHAS INDUSTR 241020230000000002077840000000000000000932176-03        0000000000000001022508202304627051800014600000000000000000000000000022012024 
0010001300012G 01341939487000285306715700040381385140883200002062639158000163METALURGICA ESTAMPARIA L LTDA 2809202300000000285306700000000000000009028294          0000000000000003022508202304627051800014600000000000000000000000000028092033 
0010001300013G 01237989512000042982733800932370000016003453702012400421000199LIBRA FIDC MULTISSETORIAL     231020230000000004298270000000000000000957601   3       0000000000000001022408202304627051800014600000000000000000000000000022122023 
0010001300014H 012002275654000153GRAFICA SUPREMA EMBALAGENS LTDA         000000000000000000000000000000000000000000000000224102023000000000000200000000000000000                                                                                
0010001300015G 01237919510000043209733800932370000015003453702012400421000199LIBRA FIDC MULTISSETORIAL     211020230000000004320970000000000000000957550   3       0000000000000001022208202304627051800014600000000000000000000000000020122023 
0010001300016H 012002275654000153GRAFICA SUPREMA EMBALAGENS LTDA         000000000000000000000000000000000000000000000000222102023000000000000200000000000000000                                                                                
0010001300017G 01341999481000020640010924300201914466313660002053393690000152QUIMESP QUIMICA LTDA          2209202300000000020640000000000000000009NF24300201      0000000000000001032508202304627051800014600000000000000000000000000022092033 
0010001300018H 010000000000000000                                        000000000000000000000000000000000000000000000000123092023000000000004128000000000000000                                                                                
0010001300019G 01237999483000030233333910900000689049000696302026690689000117CONTINENTALBANCO NP FIDC.     2409202300000000030233300000000000000009016404 001      0000000000000001022508202304627051800014600000000000000000000000000023112023 
0010001300020H 012016733328000157PBG IND E COM DE COMP PARA FERRAMENTARIA000000000000000000000000000000000000000000000000225092023000000000000200000000000000000                                                                                
0010001300021G 01237929483000018153333910900000689050000696302026690689000117CONTINENTALBANCO NP FIDC.     2409202300000000018153300000000000000009016403 001      0000000000000001022508202304627051800014600000000000000000000000000023112023 
0010001300022H 012016733328000157PBG IND E COM DE COMP PARA FERRAMENTARIA000000000000000000000000000000000000000000000000225092023000000000000200000000000000000                                                                                
0010001300023G 01237959513000015385033910900000689058000696302026690689000117CONTINENTALBANCO NP FIDC.     2410202300000000015385000000000000000009016405 002      0000000000000001022508202304627051800014600000000000000000000000000023122023 
0010001300024H 012016733328000157PBG IND E COM DE COMP PARA FERRAMENTARIA000000000000000000000000000000000000000000000000225102023000000000000200000000000000000                                                                                
0010001300025G 01237989488000044600033910900000689047000696302026690689000117CONTINENTALBANCO NP FIDC.     2909202300000000044600000000000000000009016406 001      0000000000000001022508202304627051800014600000000000000000000000000028112023 
0010001300026H 012016733328000157PBG IND E COM DE COMP PARA FERRAMENTARIA000000000000000000000000000000000000000000000000230092023000000000000200000000000000000                                                                                
0010001300027G 01237989483000016233333910900000689056000696302026690689000117CONTINENTALBANCO NP FIDC.     2409202300000000016233300000000000000009016409 001      0000000000000001022508202304627051800014600000000000000000000000000023112023 
0010001300028H 012016733328000157PBG IND E COM DE COMP PARA FERRAMENTARIA000000000000000000000000000000000000000000000000225092023000000000000200000000000000000                                                                                
0010001300029G 01237959513000030233433910900000689059000696302026690689000117CONTINENTALBANCO NP FIDC.     2410202300000000030233400000000000000009016404 003      0000000000000001022508202304627051800014600000000000000000000000000023122023 
0010001300030H 012016733328000157PBG IND E COM DE COMP PARA FERRAMENTARIA000000000000000000000000000000000000000000000000225102023000000000000200000000000000000                                                                                
0010001300031G 01237919498000030233333910900000689060000696302026690689000117CONTINENTALBANCO NP FIDC.     0910202300000000030233300000000000000009016404 002      0000000000000001022508202304627051800014600000000000000000000000000008122023 
0010001300032H 012016733328000157PBG IND E COM DE COMP PARA FERRAMENTARIA000000000000000000000000000000000000000000000000210102023000000000000200000000000000000                                                                                
0010001300033G 01237969483000015385033910900000689048000696302026690689000117CONTINENTALBANCO NP FIDC.     2409202300000000015385000000000000000009016405 001      0000000000000001022508202304627051800014600000000000000000000000000023112023 
0010001300034H 012016733328000157PBG IND E COM DE COMP PARA FERRAMENTARIA000000000000000000000000000000000000000000000000225092023000000000000200000000000000000                                                                                
0010001300035G 01237979513000018153433910900000689061000696302026690689000117CONTINENTALBANCO NP FIDC.     2410202300000000018153400000000000000009016403 003      0000000000000001022508202304627051800014600000000000000000000000000023122023 
0010001300036H 012016733328000157PBG IND E COM DE COMP PARA FERRAMENTARIA000000000000000000000000000000000000000000000000225102023000000000000200000000000000000                                                                                
0010001300037G 01237919498000016233333910900000689064000696302026690689000117CONTINENTALBANCO NP FIDC.     0910202300000000016233300000000000000009016409 002      0000000000000001022508202304627051800014600000000000000000000000000008122023 
0010001300038H 012016733328000157PBG IND E COM DE COMP PARA FERRAMENTARIA000000000000000000000000000000000000000000000000210102023000000000000200000000000000000                                                                                
0010001300039G 01237989498000018153333910900000689062000696302026690689000117CONTINENTALBANCO NP FIDC.     0910202300000000018153300000000000000009016403 002      0000000000000001022508202304627051800014600000000000000000000000000008122023 
0010001300040H 012016733328000157PBG IND E COM DE COMP PARA FERRAMENTARIA000000000000000000000000000000000000000000000000210102023000000000000200000000000000000                                                                                
0010001300041G 01237919513000016233433910900000689063000696302026690689000117CONTINENTALBANCO NP FIDC.     2410202300000000016233400000000000000009016409 003      0000000000000001022508202304627051800014600000000000000000000000000023122023 
0010001300042H 012016733328000157PBG IND E COM DE COMP PARA FERRAMENTARIA000000000000000000000000000000000000000000000000225102023000000000000200000000000000000                                                                                
00100015         000044000000000011373230                                                                                                                                                                                                       
00199999         000001000046000000                                                                                                                                                            00000000000000000000000000000                    
