00100000         2462705180001460007532430126       0334800000001104950 SPAAL INDUSTRIA E COMERCIO LTDBANCO DO BRASIL                         21708202306310600103203000000201190761CBR438                                                      
0010001110300010 20462705180001460007532430126       0334800000001104950 SPAAL INDUSTRIA E COMERCIO LTD                                                                                                                                 00753243
0010001300001G 01001939460000021152706235812458035400009621112085515112000138CARDOSO INDUSTRIA COMERCIO E R01092023000000000211527000000000000000090001265801      0000000000000001151608202304627051800014600000000000000000000000000001092023 
0010001300002G 01001999475000018298206235812459035400009621112085515112000138CARDOSO INDUSTRIA COMERCIO E R16092023000000000182982000000000000000090001265802      0000000000000001151608202304627051800014600000000000000000000000000016092023 
0010001300003G 01001919490000018298106235812460035400009621112085515112000138CARDOSO INDUSTRIA COMERCIO E R01102023000000000182981000000000000000090001265803      0000000000000001151608202304627051800014600000000000000000000000000001102023 
0010001300004G 01001919471000036726806235863893332200204136312062014030000104IMPORTADORA DE ROLAMENTOS RADI12092023000000000367268000000000000000090174707301      0000000000000003151608202304627051800014600000000000000000000000020312092023 
0010001300005G 01001939468000059051806235849139336900001379312002275654000153GRAFICA SUPREMA EMBALAGENS LTD0909202300000000059051800000000000000009 57391   1      0000000000000003151608202304627051800014600000000000000000000000020509092023 
0010001300006G 01001919483000059034106235849140336900001379312002275654000153GRAFICA SUPREMA EMBALAGENS LTD2409202300000000059034100000000000000009 57391   2      0000000000000003151608202304627051800014600000000000000000000000020524092023 
0010001300007G 01001949498000059034106235849141336900001379312002275654000153GRAFICA SUPREMA EMBALAGENS LTD0910202300000000059034100000000000000009 57391   3      0000000000000003151608202304627051800014600000000000000000000000020509102023 
0010001300008G 01001999469000066352606235849155336900001379312002275654000153GRAFICA SUPREMA EMBALAGENS LTD1009202300000000066352600000000000000009 57417   1      0000000000000003151608202304627051800014600000000000000000000000020510092023 
0010001300009G 01001919484000066332706235849156336900001379312002275654000153GRAFICA SUPREMA EMBALAGENS LTD2509202300000000066332700000000000000009 57417   2      0000000000000003151608202304627051800014600000000000000000000000020525092023 
0010001300010G 01001949499000066332706235849157336900001379312002275654000153GRAFICA SUPREMA EMBALAGENS LTD1010202300000000066332700000000000000009 57417   3      0000000000000003151608202304627051800014600000000000000000000000020510102023 
0010001300011G 01001929469000054534806235848719336900050555312050748748000145CARTONAGEM JAUENSE LTDA       1009202300000000054534800000000000000009114898   1      0000000000000003151608202304627051800014600000000000000000000000020510092023 
0010001300012G 01001919484000054518306235848720336900050555312050748748000145CARTONAGEM JAUENSE LTDA       2509202300000000054518300000000000000009114898   2      0000000000000003151608202304627051800014600000000000000000000000020525092023 
0010001300013G 01001949499000054518306235848721336900050555312050748748000145CARTONAGEM JAUENSE LTDA       1010202300000000054518300000000000000009114898   3      0000000000000003151608202304627051800014600000000000000000000000020510102023 
0010001300014G 01001959473000043623100000016521270000007463172054908116000152PUMA COMERCIAL DE METAIS LTDA 14092023000000000436231000000000000000090034551A01      0000000000000001151608202304627051800014600000000000000000000000010714092023 
0010001300015G 01001939488000043623100000016521270000007464172054908116000152PUMA COMERCIAL DE METAIS LTDA 29092023000000000436231000000000000000090034551A02      0000000000000001151608202304627051800014600000000000000000000000010729092023 
0010001300016G 01001989505000043623200000016521270000007465172054908116000152PUMA COMERCIAL DE METAIS LTDA 16102023000000000436232000000000000000090034551A03      0000000000000001151608202304627051800014600000000000000000000000010716102023 
00100015         000018000000000007650546                                                                                                                                                                                                       
00199999         000001000020000000                                                                                                                                                            00000000000000000000000000000                    
