00100000         2462705180001460007532430126       0334800000001104950 SPAAL INDUSTRIA E COMERCIO LTDBANCO DO BRASIL                         20308202306312200101403000000201190761CBR438                                                      
0010001110300010 20462705180001460007532430126       0334800000001104950 SPAAL INDUSTRIA E COMERCIO LTD                                                                                                                                 00753243
0010001300001G 01001939435000010759000000011513820000003118172066117441000186SP POSTAL LTDA EPP            07082023000000000107590000000000000000093118            0000000000000001150208202304627051800014600000000000000000000000000007082023 
0010001300002H 010000000000000000                                        000000000000000000000000000000000000000000000000207082023000000000001000000000000000000                                                                                
00100015         000004000000000000107590                                                                                                                                                                                                       
00199999         000001000006000000                                                                                                                                                            00000000000000000000000000000                    
