00100000         2462705180001460007532430126       0334800000001104950 SPAAL INDUSTRIA E COMERCIO LTDBANCO DO BRASIL                         21407202306305900098503000000201190761CBR438                                                      
0010001110300010 20462705180001460007532430126       0334800000001104950 SPAAL INDUSTRIA E COMERCIO LTD                                                                                                                                 00753243
0010001300001G 01001939430000007380000000022825140000000661172003651482000138BS SANEAMENTO AMBIENTAL LTDA-E020820230000000000738000000000000000000948624           0000000000000001161307202304627051800014600000000000000000000000000002082023 
0010001300002H 012000000000000000                                        000000000000000000000000000000000000000000000000102082023000000000001476000000000000000                                                                                
00100015         000004000000000000073800                                                                                                                                                                                                       
00199999         000001000006000000                                                                                                                                                            00000000000000000000000000000                    
