00100000         2462705180001460007532430126       0334800000001104950 SPAAL INDUSTRIA E COMERCIO LTDBANCO DO BRASIL                         21107202306311700098103000000201190761CBR438                                                      
0010001110300010 20462705180001460007532430126       0334800000001104950 SPAAL INDUSTRIA E COMERCIO LTD                                                                                                                                 00753243
0010001300001G 01237919410000006789018400900499105517009146302035001210000189TS HOST SERVICOS DE INTERNET L13072023000000000067890000000000000000090499105517      0000000000000001320907202304627051800014600000000000000000000000000013072023 
0010001300002G 01341919439000048856111253343280600928116290002007834343000109BUSINESS BANK FOM MERC LTDA   110820230000000004885610000000000000000922779           0000000000000001030707202304627051800014600000000000000000000000000011082033 
0010001300003H 012005411171000127SYSTEMBOR IND E COM DE ARTEF D          000000000000000000000000000000000000000000000000300000000000000000000000000000000000000                                                                                
0010001300004G 01341919439000093985611253343281400928116290002007834343000109BUSINESS BANK FOM MERC LTDA   110820230000000009398560000000000000000922780           0000000000000001030707202304627051800014600000000000000000000000000011082033 
0010001300005H 012005411171000127SYSTEMBOR IND E COM DE ARTEF D          000000000000000000000000000000000000000000000000300000000000000000000000000000000000000                                                                                
0010001300006G 01341959439000098109511253343277200928116290002007834343000109BUSINESS BANK FOM MERC LTDA   110820230000000009810950000000000000000922776           0000000000000001030707202304627051800014600000000000000000000000000011082033 
0010001300007H 012005411171000127SYSTEMBOR IND E COM DE ARTEF D          000000000000000000000000000000000000000000000000300000000000000000000000000000000000000                                                                                
0010001300008G 01341939439000048421111253343279800928116290002007834343000109BUSINESS BANK FOM MERC LTDA   110820230000000004842110000000000000000922778           0000000000000001030707202304627051800014600000000000000000000000000011082033 
0010001300009H 012005411171000127SYSTEMBOR IND E COM DE ARTEF D          000000000000000000000000000000000000000000000000300000000000000000000000000000000000000                                                                                
0010001300010G 01341939439000108398011253343278000928116290002007834343000109BUSINESS BANK FOM MERC LTDA   110820230000000010839800000000000000000922777           0000000000000001030707202304627051800014600000000000000000000000000011082033 
0010001300011H 012005411171000127SYSTEMBOR IND E COM DE ARTEF D          000000000000000000000000000000000000000000000000300000000000000000000000000000000000000                                                                                
0010001300012G 01237969428000077736900900931910000030000405302010636869000180LANDOFER COMERCIAL LTDA EPP   310720230000000007773690000000000000000937053           0000000000000001021007202304627051800014600000000000000000000000000029092023 
0010001300013G 01341919431000023836310900561003701379344020002009328663000104GRUPO GONCALVES DIAS S A      030820230000000002383630000000000000000906918421        0000000000000001030607202304627051800014600000000000000000000000000003082033 
0010001300014G 01237959462000034064801410931910000046002733002076112374000322JUNTAS UNIVERSAL              030920230000000003406480000000000000000961604 1         0000000000000001021007202304627051800014600000000000000000000000010502112023 
0010001300015H 010000000000000000                                        000000000000000000000000000000000000000000000000204092023000000000000200000000000000000                                                                                
0010001300016G 01341969437000005000017604263698029381963060002016577631000299CONECTCAR S M ELET S          0908202300000000005000000000000000000009                0000000000000001021007202304627051800014600000000000000000000000000009082033 
0010001300017G 01341919440000077848011253454702416085555020002027771613000189CONQUEST B F I E D CRED MULTI 120820230000000007784800000000000000000970592-001       0000000000000001031007202304627051800014600000000000000000000000000012082033 
0010001300018H 012004547319000192INTERNACIONAL RUBBER SEALS IND          000000000000000000000000000000000000000000000000113082023000000000015569000000000000000                                                                                
0010001300019G 01341959440000077848011253454703216085555020002027771613000189CONQUEST B F I E D CRED MULTI 120820230000000007784800000000000000000970591-001       0000000000000001031007202304627051800014600000000000000000000000000012082033 
0010001300020H 012004547319000192INTERNACIONAL RUBBER SEALS IND          000000000000000000000000000000000000000000000000113082023000000000015569000000000000000                                                                                
0010001300021G 01341919437000197828611253454709916085555020002027771613000189CONQUEST B F I E D CRED MULTI 090820230000000019782860000000000000000970582-001       0000000000000001030607202304627051800014600000000000000000000000000009082033 
0010001300022H 012004547319000192INTERNACIONAL RUBBER SEALS IND          000000000000000000000000000000000000000000000000110082023000000000039565000000000000000                                                                                
0010001300023G 01341969433000080307610900010031392112908540002005853030000164LAMINA INDUSTRIA PLASTICA LTDA05082023000000000803076000000000000000090044960001      0000000000000003030607202304627051800014600000000000000000000000000005082033 
0010001300024H 010000000000000000                                        000000000000000000000000000000000000000000000000106082023000000000016062000000000000000                                                                                
0010001300025G 01341919448000067203010900010032192112908540002005853030000164LAMINA INDUSTRIA PLASTICA LTDA20082023000000000672030000000000000000090044960002      0000000000000003030607202304627051800014600000000000000000000000000020082033 
0010001300026H 010000000000000000                                        000000000000000000000000000000000000000000000000121082023000000000013441000000000000000                                                                                
0010001300027G 01341919439000018515210900035769008456271730002013425492000109ACTIVA F I D C MULTISSETORIAL 110820230000000001851520000000000000000922782           0000000000000001030707202304627051800014600000000000000000000000000011082033 
0010001300028H 012005411171000127SYSTEMBOR IND E COM DE ARTEFAT          000000000000000000000000000000000000000000000000112082023000000000003703000000000000000                                                                                
0010001300029G 01341949446000184626010900035770808456271730002013425492000109ACTIVA F I D C MULTISSETORIAL 180820230000000018462600000000000000000922785           0000000000000001031007202304627051800014600000000000000000000000000018082033 
0010001300030H 012005411171000127SYSTEMBOR IND E COM DE ARTEFAT          000000000000000000000000000000000000000000000000119082023000000000036925000000000000000                                                                                
0010001300031G 01341979446000110954810900035772408456271730002013425492000109ACTIVA F I D C MULTISSETORIAL 180820230000000011095480000000000000000922786           0000000000000001031007202304627051800014600000000000000000000000000018082033 
0010001300032H 012005411171000127SYSTEMBOR IND E COM DE ARTEFAT          000000000000000000000000000000000000000000000000119082023000000000022190000000000000000                                                                                
0010001300033G 01341989436000233460611253510096300191545090002062152335000182RICHARD KLINGER IND E COM LTDA08082023000000002334606000000000000000090006716501      0000000000000001020407202304627051800014600000000000000000000000000008082033 
0010001300034G 01033919442000021980091795317000000020588501012059160689000164LUCHETI LUBRIFICANTES LTDA    14082023000000000219800000000000000000090206947/1       0000000000000001021007202304627051800014600000000000000000000000010410022024 
0010001300035G 01341969420000455161010900015845129223415950002040075055000185EPCA EMP PAUL CESTA ALIM EIRE 230720230000000045516100000000000000000948491           0000000000000001031007202304627051800014600000000000000000000000000023072033 
0010001300036G 01341949412000006068110910136336201485986340002010243226000177GADE CORPORATIVA LTDA   ME    1507202300000000006068100000000000000009199935/1        0000000000000001020307202304627051800014600000000000000000000000000015072033 
0010001300037H 010000000000000000                                        000000000000000000000000000000000000000000000000116072023000000000001213000000000000000                                                                                
00100015         000039000000000020769982                                                                                                                                                                                                       
00199999         000001000041000000                                                                                                                                                            00000000000000000000000000000                    
