00100000         2462705180001460007532430126       0334800000001104950 SPAAL INDUSTRIA E COMERCIO LTDBANCO DO BRASIL                         22309202306311100108803000000201190761CBR438                                                      
0010001110300010 20462705180001460007532430126       0334800000001104950 SPAAL INDUSTRIA E COMERCIO LTD                                                                                                                                 00753243
0010001300001G 01341979495000180279110901495953733922650090002001178287000107VIA NOVA SERVICOS LTDA        0610202300000000180279100000000000000009                0000000000000001322209202304627051800014600000000000000000000000000006102023 
0010001300002G 01033919485000003494494221214000003462901701012007580559000268JTP TRANSPORTES  SERVICOS  GER26092023000000000034944000000000000000090               0000000000000001992209202304627051800014600000000000000000000000000025112023 
0010001300003G 01364990000000002566000001000283140000000079342054945746000105ELETRODIESEL COMERCIAL EIRELI 1310202300000000002566000000000000000009                0000000000000001022209202304627051800014600000000000000000000000000011012024 
0010001300004H 012054945746000105ELETRODIESEL COMERCIAL LTDA             000000000000000000000000000000000000000000000000214102023000000000001000000000000000000                                                                                
0010001300005G 01422979523000024911270270000581721196755161522017940426000128RUBBER SOUL BORRACHAS INDUSTR 031120230000000002491120000000000000000932526-02        0000000000000001022209202304627051800014600000000000000000000000000001022024 
0010001300006G 01422999516000024911370270000581721196755161422017940426000128RUBBER SOUL BORRACHAS INDUSTR 271020230000000002491130000000000000000932526-01        0000000000000001022209202304627051800014600000000000000000000000000025012024 
0010001300007G 01341919495000059610015700040196215860834360002071767008000126PROEFER FERR USINAGEM LTDA    0610202300000000059610000000000000000009255             0000000000000001022209202304627051800014600000000000000000000000000006102033 
0010001300008H 010000000000000000                                        000000000000000000000000000000000000000000000000107102023000000000011922000000000000000                                                                                
0010001300009G 01237999490000322216621990913326401516000338402048876445000166CAMP CAXINGUI                 011020230000000032221660000000000000000911094-151       0000000000000001022109202304627051800014600000000000000000000000000030112023 
0010001300010H 010000000000000000                                        000000000000000000000000000000000000000000000000202102023000000000000200000000000000000                                                                                
0010001300011G 01341989510000004500015700042460005722181880002067677864000113HIRAKI COM E MAN.EMP.LTDA ME  21102023000000000045000000000000000000096208            0000000000000001992209202304627051800014600000000000000000000000000021102033 
0010001300012H 010000000000000000                                        000000000000000000000000000000000000000000000000122102023000000000004500000000000000000                                                                                
0010001300013G 01341939509000059545611267840245702026366500002050748748000145CARTONAGEM JAUENSE LTDA       2010202300000000059545600000000000000009116079   1      0000000000000003022009202304627051800014600000000000000000000000000020102033 
0010001300014G 01341999495000013860010924407001514466313660002053393690000152QUIMESP QUIMICA LTDA          0610202300000000013860000000000000000009NF24407001      0000000000000001032209202304627051800014600000000000000000000000000006102033 
0010001300015H 010000000000000000                                        000000000000000000000000000000000000000000000000107102023000000000002772000000000000000                                                                                
00100015         000017000000000006958942                                                                                                                                                                                                       
00199999         000001000019000000                                                                                                                                                            00000000000000000000000000000                    
