00100000         2462705180001460007532430126       0334800000001104950 SPAAL INDUSTRIA E COMERCIO LTDBANCO DO BRASIL                         20908202306311100102403000000201190761CBR438                                                      
0010001110300010 20462705180001460007532430126       0334800000001104950 SPAAL INDUSTRIA E COMERCIO LTD                                                                                                                                 00753243
0010001300001G 01341919463000025203015700042090607369508580002011892108000152ALENCO FERRAMENTAS LTDA       0409202300000000025203000000000000000009004741/1        0000000000000001020808202304627051800014600000000000000000000000000004092033 
0010001300002H 010000000000000000                                        000000000000000000000000000000000000000000000000105092023000000000005041000000000000000                                                                                
0010001300003G 01341989446000454770010900017087829223415950002040075055000185EPCA EMP PAUL CESTA ALIM EIRE 180820230000000045477000000000000000000950866           0000000000000001030708202304627051800014600000000000000000000000000018082033 
0010001300004G 01341919470000058600010900045578700782348120002003005648000149MAKROSEALS COMP INDS LTDA     11092023000000000586000000000000000000091013823/01      0000000000000001030808202304627051800014600000000000000000000000000011092033 
0010001300005H 010000000000000000                                        000000000000000000000000000000000000000000000000113092023000000000046880000000000000000                                                                                
0010001300006G 01707999469000008598200011211612293003137022532004091513000106DIRECTNET PRESTACAO DE SERV LT10092023000000000085982000000000000000092225334504      0000000000000001040108202304627051800014600000000000000000000000000014112023 
0010001300007H 010000000000000000                                        000000000000000000000000000000000000000000000000211092023000000000000100000000000000000                                                                                
0010001300008G 01341949463000005660010900014048602532844000002005411215000119DM5 PRODUTOS ELETRICOS LTDA   0409202300000000005660000000000000000009045831          0000000000000001030708202304627051800014600000000000000000000000000004092033 
0010001300009G 01237949470000004155424220900000026219002773002036112686000150PROSPERITY SECURITIZADORA S.A.110920230000000000415540000000000000000932833           0000000000000001020708202304627051800014600000000000000000000000000010112023 
0010001300010H 012029846341000164SELBER TRATAMENTO DE METAIS LTDA        000000000000000000000000000000000000000000000000212092023000000000000200000000000000000                                                                                
0010001300011G 01341919463000218157211259098364207699157600002033424730000179DINACO IMPORTACAO COMERCIO LTD040920230000000021815720000000000000000922197-1         0000000000000001030708202304627051800014600000000000000000000000000004092033 
0010001300012G 01341989469000028614411259124033116085555020002027771613000189CONQUEST B F I E D CRED MULTI 100920230000000002861440000000000000000970715-001       0000000000000001030808202304627051800014600000000000000000000000000010092033 
0010001300013H 012004547319000192INTERNACIONAL RUBBER SEALS IND          000000000000000000000000000000000000000000000000111092023000000000005722000000000000000                                                                                
0010001300014G 01341919469000060490011259124034916085555020002027771613000189CONQUEST B F I E D CRED MULTI 100920230000000006049000000000000000000970713-001       0000000000000001030808202304627051800014600000000000000000000000000010092033 
0010001300015H 012004547319000192INTERNACIONAL RUBBER SEALS IND          000000000000000000000000000000000000000000000000111092023000000000012098000000000000000                                                                                
0010001300016G 01341929469000028614411259124032316085555020002027771613000189CONQUEST B F I E D CRED MULTI 100920230000000002861440000000000000000970716-001       0000000000000001030808202304627051800014600000000000000000000000000010092033 
0010001300017H 012004547319000192INTERNACIONAL RUBBER SEALS IND          000000000000000000000000000000000000000000000000111092023000000000005722000000000000000                                                                                
0010001300018G 01341919469000060490011259124038016085555020002027771613000189CONQUEST B F I E D CRED MULTI 100920230000000006049000000000000000000970714-001       0000000000000001030808202304627051800014600000000000000000000000000010092033 
0010001300019H 012004547319000192INTERNACIONAL RUBBER SEALS IND          000000000000000000000000000000000000000000000000111092023000000000012098000000000000000                                                                                
0010001300020G 01033949439000001000395875269000000045133901012073090169000153AUTO POSTO DAS OLIVEIRAS KM 271108202300000000001000300000000000000009000031404       0000000000000001020808202304627051800014600000000000000000000000000007022024 
0010001300021H 010000000000000000                                        000000000000000000000000000000000000000000000000112082023000000000000100000000000000000                                                                                
0010001300022G 01033989464000008325099727612000000000171001012037524294000160A C N VIEIRA LTDA ME          05092023000000000083250000000000000000090               0000000000000001020808202304627051800014600000000000000000000000010503032024 
0010001300023H 010000000000000000                                        000000000000000000000000000000000000000000000000111092023000000000004163000000000000000                                                                                
00100015         000025000000000009626779                                                                                                                                                                                                       
00199999         000001000027000000                                                                                                                                                            00000000000000000000000000000                    
