00100000         2462705180001460007532430126       0334800000001104950 SPAAL INDUSTRIA E COMERCIO LTDBANCO DO BRASIL                         20308202306312200101503000000201190761CBR438                                                      
0010001110300010 20462705180001460007532430126       0334800000001104950 SPAAL INDUSTRIA E COMERCIO LTD                                                                                                                                 00753243
0010001300001G 01341960000000000000017523992029425250451630002060872504000123ITAU UNIBANCO HOLDING S.A.    11082023000000001156781000000000000000090               0000000000000001313107202304627051800014600000000000000000000000000015082024 
0010001300002G 01033919456000307478898074488000154484612301012001685053000156SUL AMERICA COMPANHIA DE SEGUR2808202300000000307478800000000000000009000000154484612 0000000000000001020208202304627051800014600000000000000000000000000027102023 
0010001300003H 010000000000000000                                        000000000000000000000000000000000000000000000000129082023000000000061496000000000000000                                                                                
0010001300004G 01341929449000016895511258036438148074037970002025322144000195POLYBRASIL COMERCIO I E LTDA  21082023000000000168955000000000000000090000996321      0000000000000001022407202304627051800014600000000000000000000000000021082033 
0010001300005G 01341919464000051421711258043401000928116290002007834343000109BUSINESS BANK FOM MERC LTDA   050920230000000005142170000000000000000922872           0000000000000001030108202304627051800014600000000000000000000000000005092033 
0010001300006H 012005411171000127SYSTEMBOR IND E COM DE ARTEF D          000000000000000000000000000000000000000000000000300000000000000000000000000000000000000                                                                                
0010001300007G 01341939464000017839111258043399600928116290002007834343000109BUSINESS BANK FOM MERC LTDA   050920230000000001783910000000000000000922870           0000000000000001030108202304627051800014600000000000000000000000000005092033 
0010001300008H 012005411171000127SYSTEMBOR IND E COM DE ARTEF D          000000000000000000000000000000000000000000000000300000000000000000000000000000000000000                                                                                
0010001300009G 01341949464000026874511258043400200928116290002007834343000109BUSINESS BANK FOM MERC LTDA   050920230000000002687450000000000000000922871           0000000000000001030108202304627051800014600000000000000000000000000005092033 
0010001300010H 012005411171000127SYSTEMBOR IND E COM DE ARTEF D          000000000000000000000000000000000000000000000000300000000000000000000000000000000000000                                                                                
0010001300011G 01341949460000047700010921801317332184416020002002602730000198MARCELO PEREIRA DOMINGUES  ME 01092023000000000477000000000000000000090008305001      0000000000000001020108202304627051800014600000000000000000000000000001092033 
0010001300012H 012002602730000198MARCELO PEREIRA DOMINGUES-ME            000000000000000000000000000000000000000000000000102092023000000000009540000000000000000                                                                                
0010001300013G 01341939490000047700010921801318132184416020002002602730000198MARCELO PEREIRA DOMINGUES  ME 01102023000000000477000000000000000000090008305002      0000000000000001020108202304627051800014600000000000000000000000000001102033 
0010001300014H 012002602730000198MARCELO PEREIRA DOMINGUES-ME            000000000000000000000000000000000000000000000000102102023000000000009540000000000000000                                                                                
0010001300015G 01341979452000428690315700043143109120895390002007790648000158ELKEM SILICONES BRASIL LTDA   240820230000000042869030000000000000000926254-1         0000000000000001030208202304627051800014600000000000000000000000000024082033 
0010001300016G 01341959466000428690315700043144909120895390002007790648000158ELKEM SILICONES BRASIL LTDA   070920230000000042869030000000000000000926254-2         0000000000000001030208202304627051800014600000000000000000000000000007092033 
0010001300017G 01237999464000040196802720932140000004015222502013310799000164FAST BUSINESS SERVICOS ESPECIA050920230000000004019680000000000000000922876           0000000000000001020208202304627051800014600000000000000000000000010504112023 
0010001300018H 012005411171000127SYSTEMBOR IND E COM DE ARTEF DE BORRACHA000000000000000000000000000000000000000000000000206092023000000000000300000000000000000                                                                                
0010001300019G 01237949464000013163202720932140000003015222502013310799000164FAST BUSINESS SERVICOS ESPECIA050920230000000001316320000000000000000922875           0000000000000001020208202304627051800014600000000000000000000000010504112023 
0010001300020H 012005411171000127SYSTEMBOR IND E COM DE ARTEF DE BORRACHA000000000000000000000000000000000000000000000000206092023000000000000300000000000000000                                                                                
0010001300021G 01237969464000170045002720932140000002015222502013310799000164FAST BUSINESS SERVICOS ESPECIA050920230000000017004500000000000000000922874           0000000000000001020208202304627051800014600000000000000000000000010504112023 
0010001300022H 012005411171000127SYSTEMBOR IND E COM DE ARTEF DE BORRACHA000000000000000000000000000000000000000000000000206092023000000000000300000000000000000                                                                                
0010001300023G 01237919464000126023702720932140000008015222502013310799000164FAST BUSINESS SERVICOS ESPECIA050920230000000012602370000000000000000922873           0000000000000001020208202304627051800014600000000000000000000000010504112023 
0010001300024H 012005411171000127SYSTEMBOR IND E COM DE ARTEF DE BORRACHA000000000000000000000000000000000000000000000000206092023000000000000300000000000000000                                                                                
0010001300025G 01237939464000134731302720932140000007015222502013310799000164FAST BUSINESS SERVICOS ESPECIA050920230000000013473130000000000000000922879           0000000000000001020208202304627051800014600000000000000000000000010504112023 
0010001300026H 012005411171000127SYSTEMBOR IND E COM DE ARTEF DE BORRACHA000000000000000000000000000000000000000000000000206092023000000000000300000000000000000                                                                                
0010001300027G 01237999464000031003602720932140000006015222502013310799000164FAST BUSINESS SERVICOS ESPECIA050920230000000003100360000000000000000922878           0000000000000001020208202304627051800014600000000000000000000000010504112023 
0010001300028H 012005411171000127SYSTEMBOR IND E COM DE ARTEF DE BORRACHA000000000000000000000000000000000000000000000000206092023000000000000300000000000000000                                                                                
0010001300029G 01237999464000056374002720932140000005015222502013310799000164FAST BUSINESS SERVICOS ESPECIA050920230000000005637400000000000000000922877           0000000000000001020208202304627051800014600000000000000000000000010504112023 
0010001300030H 012005411171000127SYSTEMBOR IND E COM DE ARTEF DE BORRACHA000000000000000000000000000000000000000000000000206092023000000000000300000000000000000                                                                                
0010001300031G 01237999453000307683936830932140000053000022202089772065000169METALURGICA HASSMANN S.A.     25082023000000003076839000000000000000090472542 01      0000000000000001022807202304627051800014600000000000000000000000010524102023 
0010001300032G 01341989477000068695710933365808200564524020002039730881000131CREDIX SECURITIZADORA S A     1809202300000000068695700000000000000009000119161-      0000000000000001030208202304627051800014600000000000000000000000000018092033 
0010001300033H 012007020252000121AMR INDUSTRIA E COMERCIO DE PR          000000000000000000000000000000000000000000000000300000000000000000000000000000000000000                                                                                
0010001300034G 01341919485000068695610933365809000564524020002039730881000131CREDIX SECURITIZADORA S A     2609202300000000068695600000000000000009000119161-      0000000000000001030208202304627051800014600000000000000000000000000026092033 
0010001300035H 012007020252000121AMR INDUSTRIA E COMERCIO DE PR          000000000000000000000000000000000000000000000000300000000000000000000000000000000000000                                                                                
0010001300036G 01341989465000042539010933365804100564524020002039730881000131CREDIX SECURITIZADORA S A     0609202300000000042539000000000000000009000119160-      0000000000000001030208202304627051800014600000000000000000000000000006092033 
0010001300037H 012007020252000121AMR INDUSTRIA E COMERCIO DE PR          000000000000000000000000000000000000000000000000300000000000000000000000000000000000000                                                                                
0010001300038G 01341919477000042539010933365805800564524020002039730881000131CREDIX SECURITIZADORA S A     1809202300000000042539000000000000000009000119160-      0000000000000001030208202304627051800014600000000000000000000000000018092033 
0010001300039H 012007020252000121AMR INDUSTRIA E COMERCIO DE PR          000000000000000000000000000000000000000000000000300000000000000000000000000000000000000                                                                                
0010001300040G 01341919485000042539010933365806600564524020002039730881000131CREDIX SECURITIZADORA S A     2609202300000000042539000000000000000009000119160-      0000000000000001030208202304627051800014600000000000000000000000000026092033 
0010001300041H 012007020252000121AMR INDUSTRIA E COMERCIO DE PR          000000000000000000000000000000000000000000000000300000000000000000000000000000000000000                                                                                
0010001300042G 01341979465000068695710933365807400564524020002039730881000131CREDIX SECURITIZADORA S A     0609202300000000068695700000000000000009000119161-      0000000000000001030208202304627051800014600000000000000000000000000006092033 
0010001300043H 012007020252000121AMR INDUSTRIA E COMERCIO DE PR          000000000000000000000000000000000000000000000000300000000000000000000000000000000000000                                                                                
0010001300044G 01237949453000015141233810900547908050000931702025369840000157COMERC PARTICIPACOES S.A.     250820230000000001514120000000000000000935194           0000000000000001020208202304627051800014600000000000000000000000000024102023 
0010001300045G 01237919473000004628424220900000026161002773002036112686000150PROSPERITY SECURITIZADORA S.A.140920230000000000462840000000000000000932611           0000000000000001023107202304627051800014600000000000000000000000000013112023 
0010001300046H 012029846341000164SELBER TRATAMENTO DE METAIS LTDA        000000000000000000000000000000000000000000000000215092023000000000000200000000000000000                                                                                
0010001300047G 01237929456000003873224220900000026162002773002036112686000150PROSPERITY SECURITIZADORA S.A.280820230000000000387320000000000000000932614           0000000000000001023107202304627051800014600000000000000000000000000027102023 
0010001300048H 012029846341000164SELBER TRATAMENTO DE METAIS LTDA        000000000000000000000000000000000000000000000000229082023000000000000200000000000000000                                                                                
0010001300049G 01237999474000011894624220900000026164002773002036112686000150PROSPERITY SECURITIZADORA S.A.150920230000000001189460000000000000000932612           0000000000000001023107202304627051800014600000000000000000000000000014112023 
0010001300050H 012029846341000164SELBER TRATAMENTO DE METAIS LTDA        000000000000000000000000000000000000000000000000216092023000000000000200000000000000000                                                                                
0010001300051G 01341929442000003646410902799049903684459380002058048000000141SINTEL TECNOLOGIA I S A       1408202300000000003646400000000000000009151759          0000000000000001050208202304627051800014600000000000000000000000000014082033 
0010001300052G 01341939442000008000015700041818774631810110002020886424000102E DA S L DOS S EIRELI         1408202300000000008000000000000000000009NF5290          0000000000000001030208202304627051800014600000000000000000000000000014082033 
0010001300053G 01341989472000010794411258209262620000390870002002423535000109BLOCKBIT TECNOLOGIA LTDA      1309202300000000010794400000000000000009140518/01       0000000000000003020208202304627051800014600000000000000000000000000013092033 
0010001300054G 01033929433000002794495875269000000045098701012073090169000153AUTO POSTO DAS OLIVEIRAS KM 270508202300000000002794400000000000000009000031361       0000000000000001020208202304627051800014600000000000000000000000000001022024 
0010001300055H 010000000000000000                                        000000000000000000000000000000000000000000000000106082023000000000000279000000000000000                                                                                
0010001300056G 01033919443000163308897138482000000000132801012002654710000160BRASKOR PORTADORIA E LIMPEZA L15082023000000001633088000000000000000092195            0000000000000001040208202304627051800014600000000000000000000000000011022024 
00100015         000058000000000029259752                                                                                                                                                                                                       
00199999         000001000060000000                                                                                                                                                            00000000000000000000000000000                    
