00100000         2462705180001460007532430126       0334800000001104950 SPAAL INDUSTRIA E COMERCIO LTDBANCO DO BRASIL                         22807202306310600100603000000201190761CBR438                                                      
0010001110300010 20462705180001460007532430126       0334800000001104950 SPAAL INDUSTRIA E COMERCIO LTD                                                                                                                                 00753243
0010001300001G 01001919451000009216906234726821332200204136312062014030000104IMPORTADORA DE ROLAMENTOS RADI23082023000000000092169000000000000000090173794901      0000000000000003152707202304627051800014600000000000000000000000020323082023 
00100015         000003000000000000092169                                                                                                                                                                                                       
00199999         000001000005000000                                                                                                                                                            00000000000000000000000000000                    
