00100000         2462705180001460007532430126       0334800000001104950 SPAAL INDUSTRIA E COMERCIO LTDBANCO DO BRASIL                         22308202306311400104303000000201190761CBR438                                                      
0010001110300010 20462705180001460007532430126       0334800000001104950 SPAAL INDUSTRIA E COMERCIO LTD                                                                                                                                 00753243
0010001300001G 01237979468000008191523740596089039527006248002061198164000160PORTO SEGURO CIA DE SEG GER   09092023000000000081915000000000000000096622051660      0000000000000001032108202304627051800014600000000000000000000000000009102023 
0010001300002G 01237939464000005344633810900003849390010011902000676486000182FEDERAL EXPRESS CORPORATION   05092023000000000053446000000000000000093849390         0000000000000001042108202304627051800014600000000000000000000000000003012024 
0010001300003H 010000000000000000                                        000000000000000000000000000000000000000000000000206092023000000000000200000000000000000                                                                                
0010001300004G 01237999457000002200022810932340000002001986702008028426000165DOLPHIN                       2908202300000000002200000000000000000009B148012154      0000000000000001022208202304627051800014600000000000000000000000000028102023 
0010001300005G 01341919495000036564310933366662200564524020002039730881000131CREDIX SECURITIZADORA S A     0610202300000000036564300000000000000009000119608-      0000000000000001032208202304627051800014600000000000000000000000000006102033 
0010001300006H 012007020252000121AMR INDUSTRIA E COMERCIO DE PR          000000000000000000000000000000000000000000000000300000000000000000000000000000000000000                                                                                
0010001300007G 01341919485000036564310933366661400564524020002039730881000131CREDIX SECURITIZADORA S A     2609202300000000036564300000000000000009000119608-      0000000000000001032208202304627051800014600000000000000000000000000026092033 
0010001300008H 012007020252000121AMR INDUSTRIA E COMERCIO DE PR          000000000000000000000000000000000000000000000000300000000000000000000000000000000000000                                                                                
0010001300009G 01341979485000067749210933366658000564524020002039730881000131CREDIX SECURITIZADORA S A     2609202300000000067749200000000000000009000119607-      0000000000000001032208202304627051800014600000000000000000000000000026092033 
0010001300010H 012007020252000121AMR INDUSTRIA E COMERCIO DE PR          000000000000000000000000000000000000000000000000300000000000000000000000000000000000000                                                                                
0010001300011G 01341939495000067749210933366659800564524020002039730881000131CREDIX SECURITIZADORA S A     0610202300000000067749200000000000000009000119607-      0000000000000001032208202304627051800014600000000000000000000000000006102033 
0010001300012H 012007020252000121AMR INDUSTRIA E COMERCIO DE PR          000000000000000000000000000000000000000000000000300000000000000000000000000000000000000                                                                                
0010001300013G 01341969505000067749210933366660600564524020002039730881000131CREDIX SECURITIZADORA S A     1610202300000000067749200000000000000009000119607-      0000000000000001032208202304627051800014600000000000000000000000000016102033 
0010001300014H 012007020252000121AMR INDUSTRIA E COMERCIO DE PR          000000000000000000000000000000000000000000000000300000000000000000000000000000000000000                                                                                
0010001300015G 01341919505000036564210933366663000564524020002039730881000131CREDIX SECURITIZADORA S A     1610202300000000036564200000000000000009000119608-      0000000000000001032208202304627051800014600000000000000000000000000016102033 
0010001300016H 012007020252000121AMR INDUSTRIA E COMERCIO DE PR          000000000000000000000000000000000000000000000000300000000000000000000000000000000000000                                                                                
0010001300017G 01341979481000060468911261624105800928116290002007834343000109BUSINESS BANK FOM MERC LTDA   220920230000000006046890000000000000000922956           0000000000000001032108202304627051800014600000000000000000000000000022092033 
0010001300018H 012005411171000127SYSTEMBOR IND E COM DE ARTEF D          000000000000000000000000000000000000000000000000300000000000000000000000000000000000000                                                                                
0010001300019G 01341969478000020300015700002112786990521820002001165629000154TECNERG GERACAO T ENERGIA LTDA1909202300000000020300000000000000000009271.4525        0000000000000001032208202304627051800014600000000000000000000000000019092033 
0010001300020H 010000000000000000                                        000000000000000000000000000000000000000000000000120092023000000000004060000000000000000                                                                                
0010001300021G 01341929489000182714210900041371400693430280002053561619000131COMERCIAL ORLANDI LTDA        300920230000000018271420000000000000000925378D          0000000000000001031707202304627051800014600000000000000000000000000030092033 
0010001300022G 01237929502000129360001410932340000029002733002076112374000322JUNTAS UNIVERSAL              131020230000000012936000000000000000000962078 1         0000000000000001022208202304627051800014600000000000000000000000010512122023 
0010001300023H 010000000000000000                                        000000000000000000000000000000000000000000000000214102023000000000000200000000000000000                                                                                
0010001300024G 01237919484000004510124220900000026448002773002036112686000150PROSPERITY SECURITIZADORA S.A.250920230000000000451010000000000000000933218           0000000000000001022108202304627051800014600000000000000000000000000024112023 
0010001300025H 012029846341000164SELBER TRATAMENTO DE METAIS LTDA        000000000000000000000000000000000000000000000000226092023000000000000200000000000000000                                                                                
0010001300026G 01033979464000009338490148654000000000094401012027362602000145TOP SERVICOS E TRANSPORTES LTD0509202300000000009338400000000000000009FAT 1287        0000000000000001052108202304627051800014600000000000000000000000000012092023 
0010001300027H 010000000000000000                                        000000000000000000000000000000000000000000000000111092023000000000001868000000000000000                                                                                
0010001300028G 01237969460000192056933740900000026710003929002055417521000130TOCANTINS                     010920230000000019205690000000000000000900218069        0000000000000001021708202304627051800014600000000000000000000000010531102023 
0010001300029G 01237939457000162736533740900000026609003929002055417521000130TOCANTINS                     290820230000000016273650000000000000000900217932        0000000000000001021408202304627051800014600000000000000000000000010528102023 
0010001300030G 01077929465000017000000011120667252010684672812034942364000102MARCELO FERREIRA MACIEL 1250490609202300000000017000000000000000000009NF 69           0000000000000001022208202304627051800014600000000000000000000000000005112023 
0010001300031H 012034942364000102MARCELO FERREIRA MACIEL 12504919832     000000000000000000000000000000000000000000000000300000000000000000000000000000000000000                                                                                
0010001300032G 01033979482000002840492985110000000008303801042032988589000174BAZOCASH COBRANCAS LTDA ME    230920230000000000284040000000000000000970791/001       0000000000000001022108202304627051800014600000000000000000000000010521032024 
0010001300033H 012004547319000192INTERNACIONAL RUBBER SEALS IND E COM LTD000000000000000000000000000000000000000000000000124092023000000000000568000000000000000                                                                                
0010001300034G 01033939464000029714194694775000000950452001012010467440000107DBM - CARGO LOGISTICA E TRANSP050920230000000002971410000000000000000900825 23        0000000000000001042208202304627051800014600000000000000000000000000003032024 
0010001300035G 01033919464000035624794694775000000950452101012010467440000107DBM - CARGO LOGISTICA E TRANSP050920230000000003562470000000000000000900826 23        0000000000000001042208202304627051800014600000000000000000000000000003032024 
0010001300036G 01033959464000060124694694775000000950452201012010467440000107DBM - CARGO LOGISTICA E TRANSP050920230000000006012460000000000000000900827 23        0000000000000001042208202304627051800014600000000000000000000000000003032024 
00100015         000038000000000012354653                                                                                                                                                                                                       
00199999         000001000040000000                                                                                                                                                            00000000000000000000000000000                    
