00100000         2462705180001460007532430126       0334800000001104950 SPAAL INDUSTRIA E COMERCIO LTDBANCO DO BRASIL                         22507202306311800100103000000201190761CBR438                                                      
0010001110300010 20462705180001460007532430126       0334800000001104950 SPAAL INDUSTRIA E COMERCIO LTD                                                                                                                                 00753243
0010001300001G 01001919431000030116300000015943380000867295172008848231000161ATUAL CARGAS TRANSPORTES LTDA 03082023000000000301163000000000000000090013448175      0000000000000001152407202304627051800014600000000000000000000000010603082023 
0010001300002H 010000000000000000                                        000000000000000000000000000000000000000000000000203082023000000000000200000000000000000                                                                                
0010001300003G 01001919444000063851500000026706412000007355172015514633000195MIL ACOS COMERCIAL LTDA       16082023000000000638515000000000000000090028188-01      0000000000000001152407202304627051800014600000000000000000000000000016082023 
0010001300004H 012000000000000000                                        000000000000000000000000000000000000000000000000000000000000000000000000000000000000000                                                                                
0010001300005G 01001959451000063851500000026706412000007356172015514633000195MIL ACOS COMERCIAL LTDA       23082023000000000638515000000000000000090028188-02      0000000000000001152407202304627051800014600000000000000000000000000023082023 
0010001300006H 012000000000000000                                        000000000000000000000000000000000000000000000000000000000000000000000000000000000000000                                                                                
0010001300007G 01001979458000063851600000026706412000007357172015514633000195MIL ACOS COMERCIAL LTDA       30082023000000000638516000000000000000090028188-03      0000000000000001152407202304627051800014600000000000000000000000000030082023 
0010001300008H 012000000000000000                                        000000000000000000000000000000000000000000000000000000000000000000000000000000000000000                                                                                
00100015         000010000000000002216709                                                                                                                                                                                                       
00199999         000001000012000000                                                                                                                                                            00000000000000000000000000000                    
