00100000         2462705180001460007532430126       0334800000001104950 SPAAL INDUSTRIA E COMERCIO LTDBANCO DO BRASIL                         21207202306310700098303000000201190761CBR438                                                      
0010001110300010 20462705180001460007532430126       0334800000001104950 SPAAL INDUSTRIA E COMERCIO LTD                                                                                                                                 00753243
0010001300001G 01756919428000166140013214013887502001744320012038887170000102SARC SERVICOS ADMINISTRATIVOS 310720230000000016614000000000000000000991859           0000000000000001021007202304627051800014600000000000000000000000000026012024 
0010001300002H 012061403481000170INDUSTRIAS GERAIS DE PARAFUSOS INGEPAL L000000000000000000000000000000000000000000000000300000000000000000000000000000000000000                                                                                
0010001300003G 01341939429000041050010900013749002532844000002005411215000119DM5 PRODUTOS ELETRICOS LTDA   0108202300000000041050000000000000000009045458          0000000000000001030407202304627051800014600000000000000000000000000001082033 
0010001300004G 01077919436000028388000011120405695010392918442010229869000166VICRON QUIMICA LTDA           08082023000000000283880000000000000000093891            0000000000000001021107202304627051800014600000000000000000000000000007092023 
0010001300005H 012010229869000166VICRON QUIMICA LTDA                     000000000000000000000000000000000000000000000000300000000000000000000000000000000000000                                                                                
0010001300006G 01341989436000256718515700042593103600773170002046853669000127ELETROEROSAO JAPAX IND COM LT 080820230000000025671850000000000000000940573           0000000000000001021107202304627051800014600000000000000000000000000008082033 
0010001300007G 01033989411000002740595875269000000044974101012073090169000153AUTO POSTO DAS OLIVEIRAS KM 271407202300000000002740500000000000000009000031179       0000000000000001021107202304627051800014600000000000000000000000000010012024 
0010001300008H 010000000000000000                                        000000000000000000000000000000000000000000000000115072023000000000000274000000000000000                                                                                
0010001300009G 01341979431000218013611253740205207699157600002033424730000179DINACO IMPORTACAO COMERCIO LTD030820230000000021801360000000000000000921239-1         0000000000000001030607202304627051800014600000000000000000000000000003082033 
0010001300010G 01341919433000117343811253739784902026366500002050748748000145CARTONAGEM JAUENSE LTDA       0508202300000000117343800000000000000009113706   1      0000000000000003020607202304627051800014600000000000000000000000000005082033 
0010001300011G 01341959456000057213111253740084102021228340002002275654000153GRAFICA SUPREMA EMB LTDA      280820230000000005721310000000000000000956642   3       0000000000000003022906202304627051800014600000000000000000000000000028082033 
0010001300012G 01341919449000017627711253740091602021228340002002275654000153GRAFICA SUPREMA EMB LTDA      210820230000000001762770000000000000000956788   2       0000000000000003020707202304627051800014600000000000000000000000000021082033 
0010001300013G 01341919448000117308611253739785602026366500002050748748000145CARTONAGEM JAUENSE LTDA       2008202300000000117308600000000000000009113706   2      0000000000000003020607202304627051800014600000000000000000000000000020082033 
0010001300014G 01341989454000012728811253740079102021228340002002275654000153GRAFICA SUPREMA EMB LTDA      260820230000000001272880000000000000000956598   3       0000000000000003022706202304627051800014600000000000000000000000000026082033 
0010001300015G 01341919434000017633111253740090802021228340002002275654000153GRAFICA SUPREMA EMB LTDA      060820230000000001763310000000000000000956788   1       0000000000000003020707202304627051800014600000000000000000000000000006082033 
0010001300016G 01033959443000030024693241939000000004180701012058289521000190FRAGON P I DE BORRACHAS LTDA  1508202300000000030024600000000000000009252010 1        0000000000000001021107202304627051800014600000000000000000000000010711022024 
0010001300017H 010000000000000000                                        000000000000000000000000000000000000000000000000117082023000000000006005000000000000000                                                                                
0010001300018G 01341919431000137108410900040759100693430280002053561619000131COMERCIAL ORLANDI LTDA        030820230000000013710840000000000000000925277A          0000000000000001030407202304627051800014600000000000000000000000000003082033 
0010001300019G 01237999442000003098624220900000025796002773002036112686000150PROSPERITY SECURITIZADORA S.A.140820230000000000309860000000000000000931903           0000000000000001021007202304627051800014600000000000000000000000000013102023 
0010001300020H 012029846341000164SELBER TRATAMENTO DE METAIS LTDA        000000000000000000000000000000000000000000000000215082023000000000000200000000000000000                                                                                
0010001300021G 01237949437000035036629390929390003262000741402009624100000163FELLOW                        09082023000000000350366000000000000000094663-A 23       0000000000000001021007202304627051800014600000000000000000000000000008102023 
0010001300022H 012022094184000139FLUONSEALS IND COM POL METROS           000000000000000000000000000000000000000000000000300000000000000000000000000000000000000                                                                                
0010001300023G 01341919416000389175610908030701429380145740002061695227000193ELETROPAULO METR ELET SP S    19072023000000003891756000000000000000090041731368      0000000000000001991107202304627051800014600000000000000000000000000019072033 
00100015         000025000000000016473495                                                                                                                                                                                                       
00199999         000001000027000000                                                                                                                                                            00000000000000000000000000000                    
