00100000         2462705180001460007532430126       0334800000001104950 SPAAL INDUSTRIA E COMERCIO LTDBANCO DO BRASIL                         22507202306311800100203000000201190761CBR438                                                      
0010001110300010 20462705180001460007532430126       0334800000001104950 SPAAL INDUSTRIA E COMERCIO LTD                                                                                                                                 00753243
0010001300001G 01237949437000008191523740596088551846006248002061198164000160PORTO SEGURO CIA DE SEG GER   09082023000000000081915000000000000000096613044605      0000000000000001032107202304627051800014600000000000000000000000000008092023 
0010001300002G 01341999449000207210015700042617803600773170002046853669000127ELETROEROSAO JAPAX IND COM LT 210820230000000020721000000000000000000940595           0000000000000001022407202304627051800014600000000000000000000000000021082033 
0010001300003G 01237999449000168195702720932050000001015222502013310799000164FAST BUSINESS SERVICOS ESPECIA210820230000000016819570000000000000000922795           0000000000000001021107202304627051800014600000000000000000000000010520102023 
0010001300004H 012005411171000127SYSTEMBOR IND E COM DE ARTEF DE BORRACHA000000000000000000000000000000000000000000000000222082023000000000000300000000000000000                                                                                
0010001300005G 01341929453000431574311256030763200763654510002044068211000131METALAC SPS IND E COM LTDA    2508202300000000431574300000000000000009305141          0000000000000001032107202304627051800014600000000000000000000000000025082033 
0010001300006G 01341929453000016095511256030764000763654510002044068211000131METALAC SPS IND E COM LTDA    2508202300000000016095500000000000000009305152          0000000000000001032107202304627051800014600000000000000000000000000025082033 
0010001300007G 01237919443000017793522290913320147416000117602057575524000128REPANOL LAVANDERIA IND LTDA   15082023000000000177935000000000000000090029314         0000000000000001022007202304627051800014600000000000000000000000000014102023 
0010001300008G 01341979453000060684610900563997801379344020002009328663000104GRUPO GONCALVES DIAS S A      250820230000000006068460000000000000000906943312        0000000000000001032107202304627051800014600000000000000000000000000025082033 
0010001300009G 01341969446000064628910900563996001379344020002009328663000104GRUPO GONCALVES DIAS S A      180820230000000006462890000000000000000906943311        0000000000000001032107202304627051800014600000000000000000000000000018082033 
0010001300010G 01341919456000072904511256056014932185638500002000516828000105R D I I EXPORTADORA LTDA      28082023000000000729045000000000000000090063043         0000000000000001031307202304627051800014600000000000000000000000000028082033 
0010001300011G 01341999449000062631510900011646727314861850002009089997000172FEMA IND DE MAT ISO EIRELLI EP21082023000000000626315000000000000000096187/0          0000000000000003032007202304627051800014600000000000000000000000000021082033 
0010001300012H 010000000000000000                                        000000000000000000000000000000000000000000000000123082023000000000012526000000000000000                                                                                
0010001300013G 01237919430000007780709650900115043192001878302007067821000194COLLOCA SERVICOS DE RECRUTAMEN020820230000000000778070000000000000000900115043192     0000000000000001322307202304627051800014600000000000000000000000000002082023 
0010001300014G 01033919451000026202892024799000000000038801012061409215000155SAPOPEMBA INDUSTRIA E COMERCIO230820230000000002620280000000000000000961334           0000000000000001022407202304627051800014600000000000000000000000000021112023 
0010001300015G 01341989449000175095511256135720600191545090002062152335000182RICHARD KLINGER IND E COM LTDA21082023000000001750955000000000000000090006737101      0000000000000001021707202304627051800014600000000000000000000000000021082033 
0010001300016G 01237969429000321343721990913320001429000338402048876445000166CAMP CAXINGUI                 010820230000000032134370000000000000000910997-151       0000000000000001021907202304627051800014600000000000000000000000000030092023 
0010001300017H 010000000000000000                                        000000000000000000000000000000000000000000000000202082023000000000000200000000000000000                                                                                
0010001300018G 01237959449000266389104960932050000146040781602017198452000122REAL TIME FIDC PADRONIZADO    2108202300000000266389100000000000000009160589 001      0000000000000001022407202304627051800014600000000000000000000000000020102023 
0010001300019H 012071586952000187ARMCO DO BRASIL S A                     000000000000000000000000000000000000000000000000222082023000000000000200000000000000000                                                                                
0010001300020G 01237999452000016021833810932050000112000150802007727757000120FIDC MULTISETORIAL EMPRESARIAL240820230000000001602180000000000000000917935 001       0000000000000001022407202304627051800014600000000000000000000000010520022024 
0010001300021H 012062555248000176WILTON INDUSTRIA E COMERCIO LTDA        000000000000000000000000000000000000000000000000300000000000000000000000000000000000000                                                                                
0010001300022G 01422949451000035711870190000581646300002141522025247287000341B B A INDUSTRIA E COMERCIO    230820230000000003571180000000000000000911518 3/3       0000000000000001021207202304627051800014600000000000000000000000010521112023 
0010001300023G 01422979444000035711770190000581646300002140722025247287000341B B A INDUSTRIA E COMERCIO    160820230000000003571170000000000000000911518 2/3       0000000000000001021207202304627051800014600000000000000000000000010514112023 
0010001300024G 01422919437000035711770190000581646300002139322025247287000341B B A INDUSTRIA E COMERCIO    090820230000000003571170000000000000000911518 1/3       0000000000000001021207202304627051800014600000000000000000000000010507112023 
0010001300025G 01341949435000002500010900116845801745396010002046220369000291D-SAAS TECN DESENV SOFTWARE LT0708202300000000002500000000000000000009                0000000000000001022407202304627051800014600000000000000000000000000007082033 
00100015         000027000000000020323788                                                                                                                                                                                                       
00199999         000001000029000000                                                                                                                                                            00000000000000000000000000000                    
