00100000         2462705180001460007532430126       0334800000001104950 SPAAL INDUSTRIA E COMERCIO LTDBANCO DO BRASIL                         22707202306305800100503000000201190761CBR438                                                      
0010001110300010 20462705180001460007532430126       0334800000001104950 SPAAL INDUSTRIA E COMERCIO LTD                                                                                                                                 00753243
0010001300001G 01341919455000009370015700050915264050454820002059832584000104IDEIA 2001 INFORMATICA LTDA   270820230000000000937000000000000000000935.216          0000000000000001042607202304627051800014600000000000000000000000000027082033 
0010001300002H 010000000000000000                                        000000000000000000000000000000000000000000000000128082023000000000001874000000000000000                                                                                
0010001300003G 01077919438000001500000011120283610010475500902018180961000190PWI TRADE DO BRASIL COMERCIO I1008202300000000001500000000000000000009IMP.117.003     0000000000000001022607202304627051800014600000000000000000000000000009102023 
0010001300004H 012018180961000190PWI TRADE DO BRASIL COMERCIO IMPORT     000000000000000000000000000000000000000000000000211082023000000000000333000000000000000                                                                                
0010001300005G 01237959443000014907800900932070000028000405302010636869000180LANDOFER COMERCIAL LTDA EPP   150820230000000001490780000000000000000937371           0000000000000001022607202304627051800014600000000000000000000000000014102023 
0010001300006G 01341979457000025942311256639483200928116290002007834343000109BUSINESS BANK FOM MERC LTDA   290820230000000002594230000000000000000922846           0000000000000001031707202304627051800014600000000000000000000000000029082033 
0010001300007H 012005411171000127SYSTEMBOR IND E COM DE ARTEF D          000000000000000000000000000000000000000000000000300000000000000000000000000000000000000                                                                                
0010001300008G 01341949457000033274711256639484000928116290002007834343000109BUSINESS BANK FOM MERC LTDA   290820230000000003327470000000000000000922848           0000000000000001031707202304627051800014600000000000000000000000000029082033 
0010001300009H 012005411171000127SYSTEMBOR IND E COM DE ARTEF D          000000000000000000000000000000000000000000000000300000000000000000000000000000000000000                                                                                
0010001300010G 01341919457000010924311256639485700928116290002007834343000109BUSINESS BANK FOM MERC LTDA   290820230000000001092430000000000000000922847           0000000000000001031707202304627051800014600000000000000000000000000029082033 
0010001300011H 012005411171000127SYSTEMBOR IND E COM DE ARTEF D          000000000000000000000000000000000000000000000000300000000000000000000000000000000000000                                                                                
0010001300012G 01341999457000037815511256639486500928116290002007834343000109BUSINESS BANK FOM MERC LTDA   290820230000000003781550000000000000000922852           0000000000000001031707202304627051800014600000000000000000000000000029082033 
0010001300013H 012005411171000127SYSTEMBOR IND E COM DE ARTEF D          000000000000000000000000000000000000000000000000300000000000000000000000000000000000000                                                                                
0010001300014G 01341949457000014700010900027325229384878120002022518066000100MONFIZA COM E IMP LTDA        29082023000000000147000000000000000000095820.2          0000000000000001032507202304627051800014600000000000000000000000000029082033 
0010001300015H 010000000000000000                                        000000000000000000000000000000000000000000000000130082023000000000002940000000000000000                                                                                
0010001300016G 01341949452000019602910900027321129384878120002022518066000100MONFIZA COM E IMP LTDA        24082023000000000196029000000000000000095819.1          0000000000000001032507202304627051800014600000000000000000000000000024082033 
0010001300017H 010000000000000000                                        000000000000000000000000000000000000000000000000125082023000000000003920000000000000000                                                                                
0010001300018G 01341919450000014702210900027324529384878120002022518066000100MONFIZA COM E IMP LTDA        22082023000000000147022000000000000000095820.1          0000000000000001032507202304627051800014600000000000000000000000000022082033 
0010001300019H 010000000000000000                                        000000000000000000000000000000000000000000000000123082023000000000002940000000000000000                                                                                
0010001300020G 01341969459000019600010900027322929384878120002022518066000100MONFIZA COM E IMP LTDA        31082023000000000196000000000000000000095819.2          0000000000000001032507202304627051800014600000000000000000000000000031082033 
0010001300021H 010000000000000000                                        000000000000000000000000000000000000000000000000101092023000000000003920000000000000000                                                                                
0010001300022G 01341919466000019600010900027323729384878120002022518066000100MONFIZA COM E IMP LTDA        07092023000000000196000000000000000000095819.3          0000000000000001032507202304627051800014600000000000000000000000000007092033 
0010001300023H 010000000000000000                                        000000000000000000000000000000000000000000000000108092023000000000003920000000000000000                                                                                
0010001300024G 01341989464000014700010900027326029384878120002022518066000100MONFIZA COM E IMP LTDA        05092023000000000147000000000000000000095820.3          0000000000000001032507202304627051800014600000000000000000000000000005092033 
0010001300025H 010000000000000000                                        000000000000000000000000000000000000000000000000106092023000000000002940000000000000000                                                                                
0010001300026G 01341929450000009110811256710984145100932650002060692944000107SCREEN MATERIAS SERIGRAFICOS  2208202300000000009110800000000000000009000030403       0000000000000003032607202304627051800014600000000000000000000000000022082033 
0010001300027G 01341979457000091038610900036274008456271730002013425492000109ACTIVA F I D C MULTISSETORIAL 290820230000000009103860000000000000000922851           0000000000000001032507202304627051800014600000000000000000000000000029082033 
0010001300028H 012005411171000127SYSTEMBOR IND E COM DE ARTEFAT          000000000000000000000000000000000000000000000000130082023000000000018207000000000000000                                                                                
0010001300029G 01341949457000152462310900036275708456271730002013425492000109ACTIVA F I D C MULTISSETORIAL 290820230000000015246230000000000000000922845           0000000000000001032507202304627051800014600000000000000000000000000029082033 
0010001300030H 012005411171000127SYSTEMBOR IND E COM DE ARTEFAT          000000000000000000000000000000000000000000000000130082023000000000030492000000000000000                                                                                
0010001300031G 01341959478000015641111256757933202021228340002002275654000153GRAFICA SUPREMA EMB LTDA      190920230000000001564110000000000000000957074   3       0000000000000003022107202304627051800014600000000000000000000000000019092033 
0010001300032G 01341989463000015641111256757932402021228340002002275654000153GRAFICA SUPREMA EMB LTDA      040920230000000001564110000000000000000957074   2       0000000000000003022107202304627051800014600000000000000000000000000004092033 
0010001300033G 01341919478000115819411256756001902026366500002050748748000145CARTONAGEM JAUENSE LTDA       1909202300000000115819400000000000000009114276   3      0000000000000003022107202304627051800014600000000000000000000000000019092033 
0010001300034G 01341979448000115854011256755999502026366500002050748748000145CARTONAGEM JAUENSE LTDA       2008202300000000115854000000000000000009114276   1      0000000000000003022107202304627051800014600000000000000000000000000020082033 
0010001300035G 01341969463000115819411256756000102026366500002050748748000145CARTONAGEM JAUENSE LTDA       0409202300000000115819400000000000000009114276   2      0000000000000003022107202304627051800014600000000000000000000000000004092033 
0010001300036G 01341949448000015645911256757931602021228340002002275654000153GRAFICA SUPREMA EMB LTDA      200820230000000001564590000000000000000957074   1       0000000000000003022107202304627051800014600000000000000000000000000020082033 
0010001300037G 01341989457000122001210900036273208456271730002013425492000109ACTIVA F I D C MULTISSETORIAL 290820230000000012200120000000000000000922850           0000000000000001032507202304627051800014600000000000000000000000000029082033 
0010001300038H 012005411171000127SYSTEMBOR IND E COM DE ARTEFAT          000000000000000000000000000000000000000000000000130082023000000000024400000000000000000                                                                                
0010001300039G 01341969458000021516010900010807914911631740002058289521000190FRAGON PROD IND DE BORR LTDA  3008202300000000021516000000000000000009252616 1        0000000000000003032607202304627051800014600000000000000000000000000030082033 
0010001300040H 010000000000000000                                        000000000000000000000000000000000000000000000000101092023000000000004303000000000000000                                                                                
0010001300041G 01341929449000092016010900002914101395170070002053797932000173RECOM ETIQUETAS EMBALAG LTDA  210820230000000009201600000000000000000900007241/1      0000000000000001032407202304627051800014600000000000000000000000000021082033 
0010001300042G 01237999444000014900002920932070000004009969902055270383000100NAO POSSUI                    16082023000000000149000000000000000000093708            0000000000000001022607202304627051800014600000000000000000000000000015102023 
0010001300043G 01341999449000177980510900040900100693430280002053561619000131COMERCIAL ORLANDI LTDA        210820230000000017798050000000000000000925083D          0000000000000001030706202304627051800014600000000000000000000000000021082033 
0010001300044G 01341969446000136584910900040901900693430280002053561619000131COMERCIAL ORLANDI LTDA        180820230000000013658490000000000000000925276B          0000000000000001030407202304627051800014600000000000000000000000000018082033 
0010001300045G 01341959444000182714210900040858100693430280002053561619000131COMERCIAL ORLANDI LTDA        160820230000000018271420000000000000000925378A          0000000000000001031707202304627051800014600000000000000000000000000016082033 
0010001300046G 01341989446000137108410900040903500693430280002053561619000131COMERCIAL ORLANDI LTDA        180820230000000013710840000000000000000925277B          0000000000000001030407202304627051800014600000000000000000000000000018082033 
0010001300047G 01033919458000021980091795317000000020959701012059160689000164LUCHETI LUBRIFICANTES LTDA    30082023000000000219800000000000000000090207640/1       0000000000000001022607202304627051800014600000000000000000000000010426022024 
0010001300048G 01237929450000016098741501932070000050005272602061288353000123VEDABRAS                      22082023000000000160987000000000000000090000640361      0000000000000001022607202304627051800014600000000000000000000000010521102023 
0010001300049H 012061288353000123RETENTORES VEDABRAS IND. E COM. LTDA    000000000000000000000000000000000000000000000000223082023000000000000200000000000000000                                                                                
00100015         000051000000000018065722                                                                                                                                                                                                       
00199999         000001000053000000                                                                                                                                                            00000000000000000000000000000                    
