00100000         2462705180001460007532430126       0334800000001104950 SPAAL INDUSTRIA E COMERCIO LTDBANCO DO BRASIL                         20208202306313600101203000000201190761CBR438                                                      
0010001110300010 20462705180001460007532430126       0334800000001104950 SPAAL INDUSTRIA E COMERCIO LTD                                                                                                                                 00753243
0010001300001G 01001989442000010404700000032443640000022996172061031126000118MGR INFORMATICA LTDA          1408202300000000010404700000000000000009                0000000000000001160108202304627051800014600000000000000000000000000014082023 
0010001300002H 012000000000000000                                        000000000000000000000000000000000000000000000000214082023000000000000200000000000000000                                                                                
0010001300003G 01001919463000022768706234941332332000000626312060600152000157INDUSTRIA QUIMICA UNA LTDA    0409202300000000022768700000000000000009163720          0000000000000003150108202304627051800014600000000000000000000000011504092023 
0010001300004G 01001969451000061652000000029203600000002984172001342006000100RK COMPONENTES INDUSTRIAIS LTD230820230000000006165200000000000000000916255-1         0000000000000001150108202304627051800014600000000000000000000000000023082023 
0010001300005G 01001919458000061651900000029203600000002985172001342006000100RK COMPONENTES INDUSTRIAIS LTD300820230000000006165190000000000000000916255-2         0000000000000001150108202304627051800014600000000000000000000000000030082023 
00100015         000007000000000001564773                                                                                                                                                                                                       
00199999         000001000009000000                                                                                                                                                            00000000000000000000000000000                    
