00100000         2462705180001460007532430126       0334800000001104950 SPAAL INDUSTRIA E COMERCIO LTDBANCO DO BRASIL                         22207202306311200099903000000201190761CBR438                                                      
0010001110300010 20462705180001460007532430126       0334800000001104950 SPAAL INDUSTRIA E COMERCIO LTD                                                                                                                                 00753243
0010001300001G 01237989445000006989023720932020000632003252002061069373000103LEO MADEIRAS MAQUINAS E FERRAG17082023000000000069890000000000000000099513007977      0000000000000001022007202304627051800014600000000000000000000000000016092023 
0010001300002G 01756949436000009970513214013887502001748050012038887170000102SARC SERVICOS ADMINISTRATIVOS 080820230000000000997050000000000000000991926           0000000000000001021807202304627051800014600000000000000000000000000003022024 
0010001300003H 012061403481000170INDUSTRIAS GERAIS DE PARAFUSOS INGEPAL L000000000000000000000000000000000000000000000000300000000000000000000000000000000000000                                                                                
0010001300004G 01341919453000032000015700002091764683920780002005053627000124UNIVERSAL ROLLERS LTDA        25082023000000000320000000000000000000091459-2          0000000000000001022107202304627051800014600000000000000000000000000025082033 
0010001300005H 010000000000000000                                        000000000000000000000000000000000000000000000000126082023000000000003168000000000000000                                                                                
0010001300006G 01341969446000032000015700002090964683920780002005053627000124UNIVERSAL ROLLERS LTDA        18082023000000000320000000000000000000091459-1          0000000000000001022107202304627051800014600000000000000000000000000018082033 
0010001300007H 010000000000000000                                        000000000000000000000000000000000000000000000000119082023000000000003168000000000000000                                                                                
0010001300008G 01033979435000011139390148654000000000088901012027362602000145TOP SERVICOS E TRANSPORTES LTD0708202300000000011139300000000000000009FAT 1193        0000000000000001052107202304627051800014600000000000000000000000000014082023 
0010001300009H 010000000000000000                                        000000000000000000000000000000000000000000000000113082023000000000002228000000000000000                                                                                
0010001300010G 01237939448000036000033900932020000033000291302033554808000170FBM FIDC                      2008202300000000036000000000000000000009016198-001      0000000000000001022107202304627051800014600000000000000000000000000019102023 
0010001300011H 012016733328000157PBG INDUSTRIA E COMERCIO DE COMPONENTES 000000000000000000000000000000000000000000000000300000000000000000000000000000000000000                                                                                
0010001300012G 01237919448000036000033900932020000034000291302033554808000170FBM FIDC                      2008202300000000036000000000000000000009016199-001      0000000000000001022107202304627051800014600000000000000000000000000019102023 
0010001300013H 012016733328000157PBG INDUSTRIA E COMERCIO DE COMPONENTES 000000000000000000000000000000000000000000000000300000000000000000000000000000000000000                                                                                
0010001300014G 01341999446000059683010900026021632472755000002014436504000163EKOLIMP DESCARTAVEIS LTDA ME  1808202300000000059683000000000000000009000453761       0000000000000001032107202304627051800014600000000000000000000000000018082033 
0010001300015H 010000000000000000                                        000000000000000000000000000000000000000000000000119082023000000000011936000000000000000                                                                                
0010001300016G 01033949448000090577292985110000000008006301042032988589000174BAZOCASH COBRANCAS LTDA ME    200820230000000009057720000000000000000970638/001       0000000000000001022107202304627051800014600000000000000000000000010516022024 
0010001300017H 012004547319000192INTERNACIONAL RUBBER SEALS IND E COM EIR000000000000000000000000000000000000000000000000121082023000000000018115000000000000000                                                                                
0010001300018G 01033939447000003103598639949000000000154501012022607520000108CASTELO COMERCIO DE EQUIPAMENT19082023000000000031035000000000000000093132            0000000000000001022107202304627051800014600000000000000000000000000015022024 
0010001300019H 010000000000000000                                        000000000000000000000000000000000000000000000000121082023000000000003104000000000000000                                                                                
00100015         000021000000000003174625                                                                                                                                                                                                       
00199999         000001000023000000                                                                                                                                                            00000000000000000000000000000                    
