00100000         2462705180001460007532430126       0334800000001104950 SPAAL INDUSTRIA E COMERCIO LTDBANCO DO BRASIL                         21807202306312600098903000000201190761CBR438                                                      
0010001110300010 20462705180001460007532430126       0334800000001104950 SPAAL INDUSTRIA E COMERCIO LTD                                                                                                                                 00753243
0010001300001G 01001919424000033858600000015943380000865059172008848231000161ATUAL CARGAS TRANSPORTES LTDA 27072023000000000338586000000000000000090013424853      0000000000000001151707202304627051800014600000000000000000000000010627072023 
0010001300002H 010000000000000000                                        000000000000000000000000000000000000000000000000227072023000000000000200000000000000000                                                                                
0010001300003G 01001959428000368045000000030507630000003786172061360848000116INDUSTRIA E COMERCIO DE PECAS 310720230000000036804500000000000000000907647           0000000000000001151707202304627051800014600000000000000000000000000031072023 
0010001300004H 010000000000000000                                        000000000000000000000000000000000000000000000000231072023000000000000200000000000000000                                                                                
0010001300005G 01001929439000003557406234087911332200204136312062014030000104IMPORTADORA DE ROLAMENTOS RADI11082023000000000035574000000000000000090173331001      0000000000000003151707202304627051800014600000000000000000000000020311082023 
00100015         000007000000000004054610                                                                                                                                                                                                       
00199999         000001000009000000                                                                                                                                                            00000000000000000000000000000                    
