00100000         2462705180001460007532430126       0334800000001104950 SPAAL INDUSTRIA E COMERCIO LTDBANCO DO BRASIL                         22908202306312700105103000000201190761CBR438                                                      
0010001110300010 20462705180001460007532430126       0334800000001104950 SPAAL INDUSTRIA E COMERCIO LTD                                                                                                                                 00753243
0010001300001G 01422919481000023032971410000585217800004373722066137993000156COPELI INDUSTRIA E COMERCIO D 2209202300000000023032900000000000000009251507-1        0000000000000001022508202304627051800014600000000000000000000000010521122023 
0010001300002H 010000000000000000                                        000000000000000000000000000000000000000000000000223092023000000000000200000000000000000                                                                                
0010001300003G 01237939469000005198833800900037960168001264502002351877000152LOCAWEB                       10092023000000000051988000000000000000090037960168      0000000000000001022608202304627051800014600000000000000000000000000009112023 
0010001300004G 01341949481000107372611262690448902570001580002056993512000150CYKLOP BRASIL EMBALAGENS LTDA 22092023000000001073726000000000000000090440876         0000000000000001032508202304627051800014600000000000000000000000000022092033 
0010001300005H 010000000000000000                                        000000000000000000000000000000000000000000000000123092023000000000021475000000000000000                                                                                
0010001300006G 01237989479000042057300900932400000042000405302010636869000180LANDOFER COMERCIAL LTDA EPP   200920230000000004205730000000000000000938052-1         0000000000000001022808202304627051800014600000000000000000000000000019112023 
0010001300007G 01237999494000042057200900932400000044000405302010636869000180LANDOFER COMERCIAL LTDA EPP   051020230000000004205720000000000000000938052-2         0000000000000001022808202304627051800014600000000000000000000000000004122023 
0010001300008G 01237959509000042057200900932400000046000405302010636869000180LANDOFER COMERCIAL LTDA EPP   201020230000000004205720000000000000000938052-3         0000000000000001022808202304627051800014600000000000000000000000000019122023 
0010001300009G 01077919484000015028000011120405695010713759272010229869000166VICRON QUIMICA LTDA           25092023000000000150280000000000000000093917            0000000000000001022808202304627051800014600000000000000000000000000025102023 
0010001300010H 012010229869000166VICRON QUIMICA LTDA                     000000000000000000000000000000000000000000000000300000000000000000000000000000000000000                                                                                
0010001300011G 01341949486000009370015700051304864050454820002059832584000104IDEIA 2001 INFORMATICA LTDA   270920230000000000937000000000000000000935.664          0000000000000001042808202304627051800014600000000000000000000000000027092033 
0010001300012H 010000000000000000                                        000000000000000000000000000000000000000000000000128092023000000000001874000000000000000                                                                                
0010001300013G 01237949487000033933002720932400000005015222502013310799000164FAST BUSINESS SERVICOS ESPECIA280920230000000003393300000000000000000922968           0000000000000001022508202304627051800014600000000000000000000000010527112023 
0010001300014H 012005411171000127SYSTEMBOR IND E COM DE ARTEF DE BORRACHA000000000000000000000000000000000000000000000000229092023000000000000300000000000000000                                                                                
0010001300015G 01237949487000032235202720932400000006015222502013310799000164FAST BUSINESS SERVICOS ESPECIA280920230000000003223520000000000000000922969           0000000000000001022508202304627051800014600000000000000000000000010527112023 
0010001300016H 012005411171000127SYSTEMBOR IND E COM DE ARTEF DE BORRACHA000000000000000000000000000000000000000000000000229092023000000000000300000000000000000                                                                                
0010001300017G 01237959487000037008902720932400000007015222502013310799000164FAST BUSINESS SERVICOS ESPECIA280920230000000003700890000000000000000922970           0000000000000001022508202304627051800014600000000000000000000000010527112023 
0010001300018H 012005411171000127SYSTEMBOR IND E COM DE ARTEF DE BORRACHA000000000000000000000000000000000000000000000000229092023000000000000300000000000000000                                                                                
0010001300019G 01237959487000065896602720932400000008015222502013310799000164FAST BUSINESS SERVICOS ESPECIA280920230000000006589660000000000000000922971           0000000000000001022508202304627051800014600000000000000000000000010527112023 
0010001300020H 012005411171000127SYSTEMBOR IND E COM DE ARTEF DE BORRACHA000000000000000000000000000000000000000000000000229092023000000000000300000000000000000                                                                                
0010001300021G 01237919487000069321602720932400000001015222502013310799000164FAST BUSINESS SERVICOS ESPECIA280920230000000006932160000000000000000922964           0000000000000001022508202304627051800014600000000000000000000000010527112023 
0010001300022H 012005411171000127SYSTEMBOR IND E COM DE ARTEF DE BORRACHA000000000000000000000000000000000000000000000000229092023000000000000300000000000000000                                                                                
0010001300023G 01237929487000025568702720932400000009015222502013310799000164FAST BUSINESS SERVICOS ESPECIA280920230000000002556870000000000000000922972           0000000000000001022508202304627051800014600000000000000000000000010527112023 
0010001300024H 012005411171000127SYSTEMBOR IND E COM DE ARTEF DE BORRACHA000000000000000000000000000000000000000000000000229092023000000000000300000000000000000                                                                                
0010001300025G 01237959487000045574202720932400000010015222502013310799000164FAST BUSINESS SERVICOS ESPECIA280920230000000004557420000000000000000922973           0000000000000001022508202304627051800014600000000000000000000000010527112023 
0010001300026H 012005411171000127SYSTEMBOR IND E COM DE ARTEF DE BORRACHA000000000000000000000000000000000000000000000000229092023000000000000300000000000000000                                                                                
0010001300027G 01237989487000053173102720932400000002015222502013310799000164FAST BUSINESS SERVICOS ESPECIA280920230000000005317310000000000000000922965           0000000000000001022508202304627051800014600000000000000000000000010527112023 
0010001300028H 012005411171000127SYSTEMBOR IND E COM DE ARTEF DE BORRACHA000000000000000000000000000000000000000000000000229092023000000000000300000000000000000                                                                                
0010001300029G 01237939487000049459602720932400000011015222502013310799000164FAST BUSINESS SERVICOS ESPECIA280920230000000004945960000000000000000922974           0000000000000001022508202304627051800014600000000000000000000000010527112023 
0010001300030H 012005411171000127SYSTEMBOR IND E COM DE ARTEF DE BORRACHA000000000000000000000000000000000000000000000000229092023000000000000300000000000000000                                                                                
0010001300031G 01237929487000060384702720932400000003015222502013310799000164FAST BUSINESS SERVICOS ESPECIA280920230000000006038470000000000000000922966           0000000000000001022508202304627051800014600000000000000000000000010527112023 
0010001300032H 012005411171000127SYSTEMBOR IND E COM DE ARTEF DE BORRACHA000000000000000000000000000000000000000000000000229092023000000000000300000000000000000                                                                                
0010001300033G 01237959487000094052202720932400000012015222502013310799000164FAST BUSINESS SERVICOS ESPECIA280920230000000009405220000000000000000922975           0000000000000001022508202304627051800014600000000000000000000000010527112023 
0010001300034H 012005411171000127SYSTEMBOR IND E COM DE ARTEF DE BORRACHA000000000000000000000000000000000000000000000000229092023000000000000300000000000000000                                                                                
0010001300035G 01237919487000055110102720932400000004015222502013310799000164FAST BUSINESS SERVICOS ESPECIA280920230000000005511010000000000000000922967           0000000000000001022508202304627051800014600000000000000000000000010527112023 
0010001300036H 012005411171000127SYSTEMBOR IND E COM DE ARTEF DE BORRACHA000000000000000000000000000000000000000000000000229092023000000000000300000000000000000                                                                                
0010001300037G 01237959488000203123702720932400000013015222502013310799000164FAST BUSINESS SERVICOS ESPECIA290920230000000020312370000000000000000922976           0000000000000001022508202304627051800014600000000000000000000000010528112023 
0010001300038H 012005411171000127SYSTEMBOR IND E COM DE ARTEF DE BORRACHA000000000000000000000000000000000000000000000000230092023000000000000300000000000000000                                                                                
0010001300039G 01237919487000003244020280932400001924003001502092664028000141FERRAMENTAS GERAIS COM IMP DE 28092023000000000032440000000000000000091002581-1       0000000000000001022408202304627051800014600000000000000000000000000018102023 
0010001300040H 010000000000000000                                        000000000000000000000000000000000000000000000000229092023000000000000200000000000000000                                                                                
0010001300041G 01237959509000120766001410932400000077002733002076112374000322JUNTAS UNIVERSAL              201020230000000012076600000000000000000962181 1         0000000000000001022808202304627051800014600000000000000000000000010519122023 
0010001300042H 010000000000000000                                        000000000000000000000000000000000000000000000000221102023000000000000200000000000000000                                                                                
0010001300043G 01341969484000005848015700042127607369508580002011892108000152ALENCO FERRAMENTAS LTDA       250920230000000000584800000000000000000904766/1         0000000000000001022808202304627051800014600000000000000000000000000025092033 
0010001300044H 010000000000000000                                        000000000000000000000000000000000000000000000000126092023000000000001170000000000000000                                                                                
0010001300045G 01341919482000141069911262866453702026366500002050748748000145CARTONAGEM JAUENSE LTDA       2309202300000000141069900000000000000009115326   1      0000000000000003022408202304627051800014600000000000000000000000000023092033 
0010001300046G 01341989497000141027711262866454502026366500002050748748000145CARTONAGEM JAUENSE LTDA       0810202300000000141027700000000000000009115326   2      0000000000000003022408202304627051800014600000000000000000000000000008102033 
0010001300047G 01341919512000141027711262866455202026366500002050748748000145CARTONAGEM JAUENSE LTDA       2310202300000000141027700000000000000009115326   3      0000000000000003022408202304627051800014600000000000000000000000000023102033 
0010001300048G 01341979494000043500210900037144408456271730002013425492000109ACTIVA F I D C MULTISSETORIAL 051020230000000004350020000000000000000922986           0000000000000001032808202304627051800014600000000000000000000000000005102033 
0010001300049H 012005411171000127SYSTEMBOR IND E COM DE ARTEFAT          000000000000000000000000000000000000000000000000106102023000000000008700000000000000000                                                                                
0010001300050G 01341939491000029226610900037145108456271730002013425492000109ACTIVA F I D C MULTISSETORIAL 021020230000000002922660000000000000000922985           0000000000000001032808202304627051800014600000000000000000000000000002102033 
0010001300051H 012005411171000127SYSTEMBOR IND E COM DE ARTEFAT          000000000000000000000000000000000000000000000000103102023000000000005845000000000000000                                                                                
0010001300052G 01341949491000036304210900037147708456271730002013425492000109ACTIVA F I D C MULTISSETORIAL 021020230000000003630420000000000000000922983           0000000000000001032808202304627051800014600000000000000000000000000002102033 
0010001300053H 012005411171000127SYSTEMBOR IND E COM DE ARTEFAT          000000000000000000000000000000000000000000000000103102023000000000007260000000000000000                                                                                
0010001300054G 01341989491000077791710900037146908456271730002013425492000109ACTIVA F I D C MULTISSETORIAL 021020230000000007779170000000000000000922984           0000000000000001032808202304627051800014600000000000000000000000000002102033 
0010001300055H 012005411171000127SYSTEMBOR IND E COM DE ARTEFAT          000000000000000000000000000000000000000000000000103102023000000000015558000000000000000                                                                                
0010001300056G 01341949494000026494510900037149308456271730002013425492000109ACTIVA F I D C MULTISSETORIAL 051020230000000002649450000000000000000922981           0000000000000001032808202304627051800014600000000000000000000000000005102033 
0010001300057H 012005411171000127SYSTEMBOR IND E COM DE ARTEFAT          000000000000000000000000000000000000000000000000106102023000000000005298000000000000000                                                                                
0010001300058G 01341939491000138606110900037150108456271730002013425492000109ACTIVA F I D C MULTISSETORIAL 021020230000000013860610000000000000000922980           0000000000000001032808202304627051800014600000000000000000000000000002102033 
0010001300059H 012005411171000127SYSTEMBOR IND E COM DE ARTEFAT          000000000000000000000000000000000000000000000000103102023000000000027721000000000000000                                                                                
0010001300060G 01341919491000024412410900037143608456271730002013425492000109ACTIVA F I D C MULTISSETORIAL 021020230000000002441240000000000000000922987           0000000000000001032808202304627051800014600000000000000000000000000002102033 
0010001300061H 012005411171000127SYSTEMBOR IND E COM DE ARTEFAT          000000000000000000000000000000000000000000000000103102023000000000004882000000000000000                                                                                
0010001300062G 01341929494000052375910900037148508456271730002013425492000109ACTIVA F I D C MULTISSETORIAL 051020230000000005237590000000000000000922982           0000000000000001032808202304627051800014600000000000000000000000000005102033 
0010001300063H 012005411171000127SYSTEMBOR IND E COM DE ARTEFAT          000000000000000000000000000000000000000000000000106102023000000000010475000000000000000                                                                                
00100015         000065000000000020927105                                                                                                                                                                                                       
00199999         000001000067000000                                                                                                                                                            00000000000000000000000000000                    
