00100000         2462705180001460007532430126       0334800000001104950 SPAAL INDUSTRIA E COMERCIO LTDBANCO DO BRASIL                         21010202306314200111103000000201190761CBR438                                                      
0010001110300010 20462705180001460007532430126       0334800000001104950 SPAAL INDUSTRIA E COMERCIO LTD                                                                                                                                 00753243
0010001300001G 01341949525000011605310910000093530060701590002043363381000186MINERACAO SAO JUDAS           051120230000000001160530000000000000000900022647F0      0000000000000001030610202304627051800014600000000000000000000000000005112033 
0010001300002H 010000000000000000                                        000000000000000000000000000000000000000000000000106112023000000000002321000000000000000                                                                                
0010001300003G 01341929540000010683510900049915300041710390002051207900000145BANDEIRANTES PRODS PARA IND LT20112023000000000106835000000000000000090210598501      0000000000000001030610202304627051800014600000000000000000000000000020112033 
0010001300004G 01341969543000075493810933368614100564524020002039730881000131CREDIX SECURITIZADORA S A     2311202300000000075493800000000000000009000120610-      0000000000000001030910202304627051800014600000000000000000000000000023112033 
0010001300005H 012007020252000121AMR INDUSTRIA E COMERCIO DE PR          000000000000000000000000000000000000000000000000300000000000000000000000000000000000000                                                                                
0010001300006G 01341919554000075493910933368615800564524020002039730881000131CREDIX SECURITIZADORA S A     0412202300000000075493900000000000000009000120610-      0000000000000001030910202304627051800014600000000000000000000000000004122033 
0010001300007H 012007020252000121AMR INDUSTRIA E COMERCIO DE PR          000000000000000000000000000000000000000000000000300000000000000000000000000000000000000                                                                                
0010001300008G 01341969533000075493810933368613300564524020002039730881000131CREDIX SECURITIZADORA S A     1311202300000000075493800000000000000009000120610-      0000000000000001030910202304627051800014600000000000000000000000000013112033 
0010001300009H 012007020252000121AMR INDUSTRIA E COMERCIO DE PR          000000000000000000000000000000000000000000000000300000000000000000000000000000000000000                                                                                
0010001300010G 01341989523000129366411270789406248361711750002051708881000300ABR IND COM DE AU PECAS EIRELI03112023000000001293664000000000000000090018910/01      0000000000000001030610202304627051800014600000000000000000000000000003112033 
0010001300011G 01341949548000019997511270806234703494128820002009290525000183TRIO APOIO A COBRANCA LTDA    281120230000000001999750000000000000000912601-A         0000000000000001030910202304627051800014600000000000000000000000000028112033 
0010001300012H 012007545944000193SIMONE ROSA MAMEDE EXT ME               000000000000000000000000000000000000000000000000300000000000000000000000000000000000000                                                                                
0010001300013G 01341989563000019997511270806235403494128820002009290525000183TRIO APOIO A COBRANCA LTDA    131220230000000001999750000000000000000912601-B         0000000000000001030910202304627051800014600000000000000000000000000013122033 
0010001300014H 012007545944000193SIMONE ROSA MAMEDE EXT ME               000000000000000000000000000000000000000000000000300000000000000000000000000000000000000                                                                                
0010001300015G 01341979553000048529111270816759112682569950002051938702000151AGEL ANEIS GAXETAS EQP LTDA   03122023000000000485291000000000000000092-16889         0000000000000001030410202304627051800014600000000000000000000000000003122033 
0010001300016G 01341919553000143665511270816757512682569950002051938702000151AGEL ANEIS GAXETAS EQP LTDA   03122023000000001436655000000000000000092-16887         0000000000000001030410202304627051800014600000000000000000000000000003122033 
0010001300017G 01341949553000264505311270816758312682569950002051938702000151AGEL ANEIS GAXETAS EQP LTDA   03122023000000002645053000000000000000092-16888         0000000000000001030410202304627051800014600000000000000000000000000003122033 
0010001300018G 01341979525000180019610900042051100693430280002053561619000131COMERCIAL ORLANDI LTDA        051120230000000018001960000000000000000926023A          0000000000000001030610202304627051800014600000000000000000000000000005112033 
0010001300019G 01341919516000258892111270892694712480824870002062232889000190BANCO DAYCOVAL S A            27102023000000002588921000000000000000090003702010      0000000000000001031209202304627051800014600000000000000000000000000027102033 
0010001300020H 012054800768000179SHOCK METAIS NAO FERROSOS LTDA          000000000000000000000000000000000000000000000000300000000000000000000000000000000000000                                                                                
0010001300021G 01341969508000500250010900021377529223431870002040075055000185EPCA EMP PAUL CESTA ALIM EIRE 191020230000000050025000000000000000000955714           0000000000000003030910202304627051800014600000000000000000000000000019102033 
0010001300022G 01237959506000006789018400900538105123009146302035001210000189TS HOST SERVICOS DE INTERNET L17102023000000000067890000000000000000090538105123      0000000000000001320910202304627051800014600000000000000000000000000017102023 
0010001300023G 01033939525000009731092985110000000008689401042032988589000174BAZOCASH COBRANCAS LTDA ME    051120230000000000973100000000000000000970979/001       0000000000000001020610202304627051800014600000000000000000000000010503052024 
0010001300024H 012004547319000192INTERNACIONAL RUBBER SEALS IND E COM LTD000000000000000000000000000000000000000000000000106112023000000000001946000000000000000                                                                                
00100015         000026000000000018305133                                                                                                                                                                                                       
00199999         000001000028000000                                                                                                                                                            00000000000000000000000000000                    
