00100000         2462705180001460007532430126       0334800000001104950 SPAAL INDUSTRIA E COMERCIO LTDBANCO DO BRASIL                         20609202306311300106403000000201190761CBR438                                                      
0010001110300010 20462705180001460007532430126       0334800000001104950 SPAAL INDUSTRIA E COMERCIO LTD                                                                                                                                 00753243
0010001300001G 01033969465000564708490324614000000000000601012000409355000139SALMOS 27 LOGISTICA E TRANSPOR060920230000000056470840000000000000000901082023        0000000000000001020509202304627051800014600000000000000000000000000005102023 
0010001300002G 01756999499000000000013213010278017403349420012062637137000109SINDICATO DOS ENGENHEIROS NO E10102023000000000000000000000000000000094033494         0000000000000001320509202304627051800014600000000000000000000000000010102023 
0010001300003G 01237919474000006409933971900002749702009807002058890252000113DHL EXPRESS BRAZIL LTDA       15092023000000000064099000000000000000092749702         0000000000000001040509202304627051800014600000000000000000000000000013032024 
0010001300004H 010000000000000000                                        000000000000000000000000000000000000000000000000216092023000000000000200000000000000000                                                                                
0010001300005G 01341949492000119376215700042733303600773170002046853669000127ELETROEROSAO JAPAX IND COM LT 031020230000000011937620000000000000000940.742          0000000000000001020509202304627051800014600000000000000000000000000003102033 
0010001300006G 01756979530000000000013213010278017403934220012062637137000109SINDICATO DOS ENGENHEIROS NO E10112023000000000000000000000000000000094039342         0000000000000001320509202304627051800014600000000000000000000000000010112023 
0010001300007G 01237919508000015395924220900000026652002773002036112686000150PROSPERITY SECURITIZADORA S.A.191020230000000001539590000000000000000933642           0000000000000001020409202304627051800014600000000000000000000000000018122023 
0010001300008H 012029846341000164SELBER TRATAMENTO DE METAIS LTDA        000000000000000000000000000000000000000000000000220102023000000000000200000000000000000                                                                                
0010001300009G 01237919484000014156433810900547910650000931702025369840000157COMERC PARTICIPACOES S.A.     250920230000000001415640000000000000000938561           0000000000000001020109202304627051800014600000000000000000000000000024112023 
0010001300010G 01033919467000002414395875269000000045296301012073090169000153AUTO POSTO DAS OLIVEIRAS KM 270809202300000000002414300000000000000009000031606       0000000000000001020509202304627051800014600000000000000000000000000006032024 
0010001300011H 010000000000000000                                        000000000000000000000000000000000000000000000000109092023000000000000241000000000000000                                                                                
0010001300012G 01341949472000003646410902800069403684459380002058048000000141SINTEL TECNOLOGIA I S A       1309202300000000003646400000000000000009153050          0000000000000001050109202304627051800014600000000000000000000000000013092033 
0010001300013G 01341919499000014764810933367341200564524020002039730881000131CREDIX SECURITIZADORA S A     1010202300000000014764800000000000000009000119929-      0000000000000001030509202304627051800014600000000000000000000000000010102033 
0010001300014H 012007020252000121AMR INDUSTRIA E COMERCIO DE PR          000000000000000000000000000000000000000000000000300000000000000000000000000000000000000                                                                                
0010001300015G 01341989519000014764710933367343800564524020002039730881000131CREDIX SECURITIZADORA S A     3010202300000000014764700000000000000009000119929-      0000000000000001030509202304627051800014600000000000000000000000000030102033 
0010001300016H 012007020252000121AMR INDUSTRIA E COMERCIO DE PR          000000000000000000000000000000000000000000000000300000000000000000000000000000000000000                                                                                
0010001300017G 01341999509000014764810933367342000564524020002039730881000131CREDIX SECURITIZADORA S A     2010202300000000014764800000000000000009000119929-      0000000000000001030509202304627051800014600000000000000000000000000020102033 
0010001300018H 012007020252000121AMR INDUSTRIA E COMERCIO DE PR          000000000000000000000000000000000000000000000000300000000000000000000000000000000000000                                                                                
0010001300019G 01341969499000091905110900037363008456271730002013425492000109ACTIVA F I D C MULTISSETORIAL 101020230000000009190510000000000000000923014           0000000000000001030509202304627051800014600000000000000000000000000010102033 
0010001300020H 012005411171000127SYSTEMBOR IND E COM DE ARTEFAT          000000000000000000000000000000000000000000000000111102023000000000018381000000000000000                                                                                
0010001300021G 01341949499000094184310900037364808456271730002013425492000109ACTIVA F I D C MULTISSETORIAL 101020230000000009418430000000000000000923015           0000000000000001030509202304627051800014600000000000000000000000000010102033 
0010001300022H 012005411171000127SYSTEMBOR IND E COM DE ARTEFAT          000000000000000000000000000000000000000000000000111102023000000000018836000000000000000                                                                                
0010001300023G 01341959498000020650015700000093916349986010002041342781000180MECAN PARTS COMERCIO DE PECAS 0910202300000000020650000000000000000009128             0000000000000001020509202304627051800014600000000000000000000000000009102033 
0010001300024G 01237979488000000694108950900996116576007200002003034433000156CAMARA DE COMERCIALIZACAO DE E2909202300000000000694100000000000000009996116576       0000000000000001020409202304627051800014600000000000000000000000000026022024 
0010001300025H 010000000000000000                                        000000000000000000000000000000000000000000000000230092023000000000000200000000000000000                                                                                
0010001300026G 01341959491000061760010900021109002952901670002090629601000150INTERQUIMICA COM IND PROD Q LT02102023000000000617600000000000000000090000969-2       0000000000000001032808202304627051800014600000000000000000000000000002102033 
0010001300027G 01341919498000061760010900021110802952901670002090629601000150INTERQUIMICA COM IND PROD Q LT09102023000000000617600000000000000000090000969-3       0000000000000001032808202304627051800014600000000000000000000000000009102033 
0010001300028G 01341919484000061772010900021108202952901670002090629601000150INTERQUIMICA COM IND PROD Q LT25092023000000000617720000000000000000090000969-1       0000000000000001032808202304627051800014600000000000000000000000000025092033 
0010001300029G 01033979479000011681690148654000000000099301012027362602000145TOP SERVICOS E TRANSPORTES LTD2009202300000000011681600000000000000009FAT 1357        0000000000000001050509202304627051800014600000000000000000000000000027092023 
0010001300030H 010000000000000000                                        000000000000000000000000000000000000000000000000126092023000000000002336000000000000000                                                                                
0010001300031G 01033919479000007048890148654000000000099401012027362602000145TOP SERVICOS E TRANSPORTES LTD2009202300000000007048800000000000000009FAT 1358        0000000000000001050509202304627051800014600000000000000000000000000027092023 
0010001300032H 010000000000000000                                        000000000000000000000000000000000000000000000000126092023000000000001410000000000000000                                                                                
0010001300033G 01341999473000368482610906527263929380145740002061695227000193ELETROPAULO METR ELET SP S    14092023000000003684826000000000000000090042720371      0000000000000001990509202304627051800014600000000000000000000000000014092033 
0010001300034G 01748929493000005163211231650882070016002311062035028130000117NINE BANK SOLUCOES FINANCEIRAS04102023000000000051632000000000000000090100922750      0000000000000001030409202304627051800014600000000000000000000000000001102033 
0010001300035H 012006224121000101SHARK MÏQUINAS PARA CONSTRUýØO LTDA     000000000000000000000000000000000000000000000000205102023000000000000200000000000000000                                                                                
0010001300036G 01748929553000005163211231650904070016002311032035028130000117NINE BANK SOLUCOES FINANCEIRAS03122023000000000051632000000000000000090100922750      0000000000000001030409202304627051800014600000000000000000000000000030112033 
0010001300037H 012006224121000101SHARK MÏQUINAS PARA CONSTRUýØO LTDA     000000000000000000000000000000000000000000000000205122023000000000000200000000000000000                                                                                
0010001300038G 01748919583000005163211231650912070016002311092035028130000117NINE BANK SOLUCOES FINANCEIRAS02012024000000000051632000000000000000090100922750      0000000000000001030409202304627051800014600000000000000000000000000030122033 
0010001300039H 012006224121000101SHARK MÏQUINAS PARA CONSTRUýØO LTDA     000000000000000000000000000000000000000000000000203012024000000000000200000000000000000                                                                                
0010001300040G 01748919523000005163211231650890070016002311012035028130000117NINE BANK SOLUCOES FINANCEIRAS03112023000000000051632000000000000000090100922750      0000000000000001030409202304627051800014600000000000000000000000000031102033 
0010001300041H 012006224121000101SHARK MÏQUINAS PARA CONSTRUýØO LTDA     000000000000000000000000000000000000000000000000206112023000000000000200000000000000000                                                                                
00100015         000043000000000015709931                                                                                                                                                                                                       
00199999         000001000045000000                                                                                                                                                            00000000000000000000000000000                    
