00100000         2462705180001460007532430126       0334800000001104950 SPAAL INDUSTRIA E COMERCIO LTDBANCO DO BRASIL                         21307202306311100098403000000201190761CBR438                                                      
0010001110300010 20462705180001460007532430126       0334800000001104950 SPAAL INDUSTRIA E COMERCIO LTD                                                                                                                                 00753243
0010001300001G 01341919453000018145110920205447207384326160002059683094000193PREVISAO INDUSTRIA C P LTDA   2508202300000000018145100000000000000009037041/B        0000000000000001031107202304627051800014600000000000000000000000000025082033 
0010001300002G 01341939438000018145110920205446407384326160002059683094000193PREVISAO INDUSTRIA C P LTDA   1008202300000000018145100000000000000009037041/A        0000000000000001031107202304627051800014600000000000000000000000000010082033 
0010001300003G 01341919435000043459710900035114672432144470002052495579000104CROSLIN COMPOSTOS B LTDA      070820230000000004345970000000000000000941404           0000000000000001021007202304627051800014600000000000000000000000000007082033 
0010001300004G 01341959453000122001210900035877108456271730002013425492000109ACTIVA F I D C MULTISSETORIAL 250820230000000012200120000000000000000922798           0000000000000001031207202304627051800014600000000000000000000000000025082033 
0010001300005H 012005411171000127SYSTEMBOR IND E COM DE ARTEFAT          000000000000000000000000000000000000000000000000126082023000000000024400000000000000000                                                                                
0010001300006G 01341919453000091038610900035878908456271730002013425492000109ACTIVA F I D C MULTISSETORIAL 250820230000000009103860000000000000000922800           0000000000000001031207202304627051800014600000000000000000000000000025082033 
0010001300007H 012005411171000127SYSTEMBOR IND E COM DE ARTEFAT          000000000000000000000000000000000000000000000000126082023000000000018207000000000000000                                                                                
0010001300008G 01341959453000152462310900035874808456271730002013425492000109ACTIVA F I D C MULTISSETORIAL 250820230000000015246230000000000000000922801           0000000000000001031207202304627051800014600000000000000000000000000025082033 
0010001300009H 012005411171000127SYSTEMBOR IND E COM DE ARTEFAT          000000000000000000000000000000000000000000000000126082023000000000030492000000000000000                                                                                
0010001300010G 01341979453000064510610900035876308456271730002013425492000109ACTIVA F I D C MULTISSETORIAL 250820230000000006451060000000000000000922797           0000000000000001031207202304627051800014600000000000000000000000000025082033 
0010001300011H 012005411171000127SYSTEMBOR IND E COM DE ARTEFAT          000000000000000000000000000000000000000000000000126082023000000000012902000000000000000                                                                                
0010001300012G 01274919419000015575000010150000000265811392502023517793000116BETAMAG SOLUCOES MAGNETICAS E 22072023000000000155750000000000000000092147/B          0000000000000001021207202304627051800014600000000000000000000000000020102023 
0010001300013H 010000000000000000                                        000000000000000000000000000000000000000000000000123072023000000000003115000000000000000                                                                                
0010001300014G 01341919453000078081910900035879708456271730002013425492000109ACTIVA F I D C MULTISSETORIAL 250820230000000007808190000000000000000922799           0000000000000001031207202304627051800014600000000000000000000000000025082033 
0010001300015H 012005411171000127SYSTEMBOR IND E COM DE ARTEFAT          000000000000000000000000000000000000000000000000126082023000000000015616000000000000000                                                                                
0010001300016G 01341929418000093850010964548001300610287420002043458447000111CAMERLINGO Z R B V L ADVOGAD  210720230000000009385000000000000000000977313           0000000000000001991207202304627051800014600000000000000000000000000021072033 
0010001300017G 01341949424000009795310900240254287230753320002055953079000167TUV SUD SFDK L A PRODUTOS LTDA2707202300000000009795300000000000000009410000001       0000000000000001031207202304627051800014600000000000000000000000000027072033 
0010001300018H 010000000000000000                                        000000000000000000000000000000000000000000000000128072023000000000001959000000000000000                                                                                
0010001300019G 01341929436000006510010900064123105685846840002003114171000130BORFER FERRAGENS FERRAMENTA LT0808202300000000006510000000000000000009133847/1        0000000000000001031107202304627051800014600000000000000000000000000008082033 
0010001300020H 010000000000000000                                        000000000000000000000000000000000000000000000000110082023000000000001302000000000000000                                                                                
00100015         000022000000000007135748                                                                                                                                                                                                       
00199999         000001000024000000                                                                                                                                                            00000000000000000000000000000                    
