00100000         2462705180001460007532430126       0334800000001104950 SPAAL INDUSTRIA E COMERCIO LTDBANCO DO BRASIL                         20109202306315600105703000000201190761CBR438                                                      
0010001110300010 20462705180001460007532430126       0334800000001104950 SPAAL INDUSTRIA E COMERCIO LTD                                                                                                                                 00753243
0010001300001G 01341979498000207755210900041497700693430280002053561619000131COMERCIAL ORLANDI LTDA        091020230000000020775520000000000000000925587C          0000000000000001031008202304627051800014600000000000000000000000000009102033 
0010001300002G 01341979519000078090511263521693332185638500002000516828000105R D I I EXPORTADORA LTDA      30102023000000000780905000000000000000090063945         0000000000000001032908202304627051800014600000000000000000000000000030102033 
0010001300003G 01341989502000078067111263521692532185638500002000516828000105R D I I EXPORTADORA LTDA      13102023000000000780671000000000000000090063945         0000000000000001032908202304627051800014600000000000000000000000000013102033 
0010001300004G 01033989473000008675498074658000014247999301012001704513000146SUL AMERICA SEGUROS DE PESSOAS1409202300000000008675400000000000000009000000014247999 0000000000000001023108202304627051800014600000000000000000000000000013112023 
0010001300005G 01341929487000078067111263521691732185638500002000516828000105R D I I EXPORTADORA LTDA      28092023000000000780671000000000000000090063945         0000000000000001032908202304627051800014600000000000000000000000000028092033 
0010001300006G 01341969486000050400010920215966807385140660002011849243000115PREVISAO P COMERCIO A LTDA    2709202300000000050400000000000000000009026453          0000000000000001033008202304627051800014600000000000000000000000000027092033 
0010001300007G 01341969472000107493710900040054703105884620002036193928000187TEADIT INDUSTRIA E COMERCIO LT130920230000000010749370000000000000000916267501        0000000000000001033008202304627051800014600000000000000000000000000013092033 
0010001300008G 01341949477000480262010900001603301504758870002025080393000111NOVITA ALIMENTACAO LTDA       1809202300000000480262000000000000000009000006039       0000000000000001023008202304627051800014600000000000000000000000000018092033 
0010001300009G 01237989480000094500001650913324306213008272302061855078000182TRATORFREIO                   2109202300000000094500000000000000000009000036772A      0000000000000001022408202304627051800014600000000000000000000000010320112023 
0010001300010G 01341919492000296169311263577793400763654510002044068211000131METALAC SPS IND E COM LTDA    0310202300000000296169300000000000000009307526          0000000000000001032908202304627051800014600000000000000000000000000003102033 
0010001300011G 01341979492000063820811263577798300763654510002044068211000131METALAC SPS IND E COM LTDA    0310202300000000063820800000000000000009307577          0000000000000001032908202304627051800014600000000000000000000000000003102033 
0010001300012G 01341919487000019200010900001290888111431580002061153557000157ROMAF IND PLAST ISOL LTDA ME  280920230000000001920000000000000000000910238-A         0000000000000001033108202304627051800014600000000000000000000000000028092033 
0010001300013H 010000000000000000                                        000000000000000000000000000000000000000000000000129092023000000000001920000000000000000                                                                                
0010001300014G 01341989502000057735611263659966702026366500002050748748000145CARTONAGEM JAUENSE LTDA       1310202300000000057735600000000000000009115424   2      0000000000000003022908202304627051800014600000000000000000000000000013102033 
0010001300015G 01341969487000057752911263659965902026366500002050748748000145CARTONAGEM JAUENSE LTDA       2809202300000000057752900000000000000009115424   1      0000000000000003022908202304627051800014600000000000000000000000000028092033 
0010001300016G 01341919501000032273315700002186564683920780002005053627000124UNIVERSAL ROLLERS LTDA        12102023000000000322733000000000000000094341-3          0000000000000001023108202304627051800014600000000000000000000000000012102033 
0010001300017H 010000000000000000                                        000000000000000000000000000000000000000000000000113102023000000000003195000000000000000                                                                                
0010001300018G 01341999494000032273315700002185764683920780002005053627000124UNIVERSAL ROLLERS LTDA        05102023000000000322733000000000000000094341-2          0000000000000001023108202304627051800014600000000000000000000000000005102033 
0010001300019H 010000000000000000                                        000000000000000000000000000000000000000000000000106102023000000000003195000000000000000                                                                                
0010001300020G 01341919487000032273415700002184064683920780002005053627000124UNIVERSAL ROLLERS LTDA        28092023000000000322734000000000000000094341-1          0000000000000001023108202304627051800014600000000000000000000000000028092033 
0010001300021H 010000000000000000                                        000000000000000000000000000000000000000000000000129092023000000000003195000000000000000                                                                                
0010001300022G 01341919487000152220410900003027101395170070002053797932000173RECOM ETIQUETAS EMBALAG LTDA  280920230000000015222040000000000000000900007316/1      0000000000000001033108202304627051800014600000000000000000000000000028092033 
0010001300023G 01224919486000025122000011120062083001186650762014807945000124SANSUY S/A INDUSTRIA DE PLASTI2709202300000000025122000000000000000009150142813       0000000000000002022808202304627051800014600000000000000000000000010502102023 
00100015         000025000000000019521520                                                                                                                                                                                                       
00199999         000001000027000000                                                                                                                                                            00000000000000000000000000000                    
