00100000         2462705180001460007532430126       0334800000001104950 SPAAL INDUSTRIA E COMERCIO LTDBANCO DO BRASIL                         21509202306310300107503000000201190761CBR438                                                      
0010001110300010 20462705180001460007532430126       0334800000001104950 SPAAL INDUSTRIA E COMERCIO LTD                                                                                                                                 00753243
0010001300001G 01001919484000092450100000030507630000003893172061360848000116INDUSTRIA E COMERCIO DE PECAS 250920230000000009245010000000000000000907752           0000000000000001151409202304627051800014600000000000000000000000000025092023 
0010001300002H 010000000000000000                                        000000000000000000000000000000000000000000000000225092023000000000000200000000000000000                                                                                
0010001300003G 01001949492000147503000000030507630000003909172061360848000116INDUSTRIA E COMERCIO DE PECAS 031020230000000014750300000000000000000907767           0000000000000001151409202304627051800014600000000000000000000000000003102023 
0010001300004H 010000000000000000                                        000000000000000000000000000000000000000000000000203102023000000000000200000000000000000                                                                                
0010001300005G 01001959500000021306006237549696336900001379312002275654000153GRAFICA SUPREMA EMBALAGENS LTD1110202300000000021306000000000000000009 57817   1      0000000000000003151409202304627051800014600000000000000000000000020511102023 
0010001300006G 01001919515000021299506237549697336900001379312002275654000153GRAFICA SUPREMA EMBALAGENS LTD2610202300000000021299500000000000000009 57817   2      0000000000000003151409202304627051800014600000000000000000000000020526102023 
0010001300007G 01001919500000010480000000031705640000001335172013314572000197LOGTEK - AUTOMACAO E SISTEMAS 11102023000000000104800000000000000000092667-1          0000000000000001151409202304627051800014600000000000000000000000013011102023 
00100015         000009000000000002930386                                                                                                                                                                                                       
00199999         000001000011000000                                                                                                                                                            00000000000000000000000000000                    
