00100000         2462705180001460007532430126       0334800000001104950 SPAAL INDUSTRIA E COMERCIO LTDBANCO DO BRASIL                         21907202306310800099103000000201190761CBR438                                                      
0010001110300010 20462705180001460007532430126       0334800000001104950 SPAAL INDUSTRIA E COMERCIO LTD                                                                                                                                 00753243
0010001300001G 01001959425000016889700000029413920084990083172002645310000199FUNDO NACIONAL ANTIDROGAS - FU2807202300000000016889700000000000000009                0000000000000001151807202304627051800014600000000000000000000000000028072023 
0010001300002H 012000000000000000                                        000000000000000000000000000000000000000000000000000000000000000000000000000000000000000                                                                                
0010001300003G 01001979444000007710006234131861191400004400112043283811000150KALUNGA SA                    16082023000000000077100000000000000000099500320201      0000000000000001151807202304627051800014600000000000000000000000000016082023 
0010001300004H 010000000000000000                                        000000000000000000000000000000000000000000000000216082023000000000000200000000000000000                                                                                
00100015         000006000000000000245997                                                                                                                                                                                                       
00199999         000001000008000000                                                                                                                                                            00000000000000000000000000000                    
