00100000         2462705180001460007532430126       0334800000001104950 SPAAL INDUSTRIA E COMERCIO LTDBANCO DO BRASIL                         22007202306310000099403000000201190761CBR438                                                      
0010001110300010 20462705180001460007532430126       0334800000001104950 SPAAL INDUSTRIA E COMERCIO LTD                                                                                                                                 00753243
0010001300001G 01341929450000177110215700040375585140883200002062639158000163METALURGICA ESTAMPARIA L LTDA 220820230000000017711020000000000000000928019           0000000000000003021907202304627051800014600000000000000000000000000022082033 
0010001300002G 01237939442000017825005670900000005722002943102044830785000103FBR EMBALAGENS LTDA           14082023000000000178250000000000000000090000006717      0000000000000001021907202304627051800014600000000000000000000000000013102023 
0010001300003H 010000000000000000                                        000000000000000000000000000000000000000000000000215082023000000000000200000000000000000                                                                                
0010001300004G 01033979417000657132290324614000000000000301012000409355000139SALMOS 27 LOGISTICA E TRANSPOR200720230000000065713220000000000000000902062023        0000000000000001021907202304627051800014600000000000000000000000000018082023 
0010001300005G 01033979443000006612090111700111111117048301042034027549000191SMARTCRED FUNDO DE INVESTIMENT150820230000000000661200000000000000000932184           0000000000000001021807202304627051800014600000000000000000000000000011022024 
0010001300006H 012029846341000164SELBER TRATAMENTO DE METAIS LTDA        000000000000000000000000000000000000000000000000116082023000000000001322000000000000000                                                                                
0010001300007G 01237919450000018585033950923000100211005050102060755519000101USIQUIMICA DO BRASIL LTDA     22082023000000000185850000000000000000090012279201      0000000000000001021807202304627051800014600000000000000000000000010521102023 
0010001300008G 01341919428000006792015700015851616002268880002009123539000102TRANSP YASMIN ARMAZE E LOGIST 3107202300000000006792000000000000000009123844          0000000000000001051907202304627051800014600000000000000000000000000031072033 
0010001300009H 010000000000000000                                        000000000000000000000000000000000000000000000000101082023000000000000020000000000000000                                                                                
0010001300010G 01341949470000145827211255161659512682569950002051938702000151AGEL ANEIS GAXETAS EQP LTDA   11092023000000001458272000000000000000091-30418         0000000000000001031307202304627051800014600000000000000000000000000011092033 
0010001300011G 01341969470000059207411255161660312682569950002051938702000151AGEL ANEIS GAXETAS EQP LTDA   11092023000000000592074000000000000000091-30419         0000000000000001031307202304627051800014600000000000000000000000000011092033 
0010001300012G 01341969475000067518811255161976312682569950002051938702000151AGEL ANEIS GAXETAS EQP LTDA   16092023000000000675188000000000000000091-30801         0000000000000001031807202304627051800014600000000000000000000000000016092033 
0010001300013G 01341919470000150168211255161658712682569950002051938702000151AGEL ANEIS GAXETAS EQP LTDA   11092023000000001501682000000000000000091-30417         0000000000000001031307202304627051800014600000000000000000000000000011092033 
0010001300014G 01237929449000007429924220900000025903002773002036112686000150PROSPERITY SECURITIZADORA S.A.210820230000000000742990000000000000000932157           0000000000000001021707202304627051800014600000000000000000000000000020102023 
0010001300015H 012029846341000164SELBER TRATAMENTO DE METAIS LTDA        000000000000000000000000000000000000000000000000222082023000000000000200000000000000000                                                                                
0010001300016G 01341919444000011700015700040358032471952780002010831061000154MG LASER INFORMATICA LTDA ME  16082023000000000117000000000000000000092154            0000000000000001031907202304627051800014600000000000000000000000000016082033 
0010001300017H 010000000000000000                                        000000000000000000000000000000000000000000000000117082023000000000002340000000000000000                                                                                
0010001300018G 01341979429000001300015700042987283170702510002004590190000103COMPANY FACAS LTDA. - ME.     010820230000000000130000000000000000000912182           0000000000000001031907202304627051800014600000000000000000000000000001082033 
0010001300019G 01033959444000001762099932780000000014391001012035916588000102RNC COMERCIAL DE VEICULOS LTDA1608202300000000001762000000000000000009FA00648101      0000000000000001021707202304627051800014600000000000000000000000010912022024 
0010001300020G 01237969451000011200033720900002284270005955502008654210000105ONE7 FUNDO DE INVESTIMENTO    230820230000000001120000000000000000000968142-001       0000000000000001021907202304627051800014600000000000000000000000000021122023 
0010001300021H 012049493653000149PROQUITEC INDUSTRIA DE PRODUTOS QUIMICOS000000000000000000000000000000000000000000000000224082023000000000000200000000000000000                                                                                
00100015         000023000000000013401699                                                                                                                                                                                                       
00199999         000001000025000000                                                                                                                                                            00000000000000000000000000000                    
