00100000         2462705180001460007532430126       0334800000001104950 SPAAL INDUSTRIA E COMERCIO LTDBANCO DO BRASIL                         21210202306305800111403000000201190761CBR438                                                      
0010001110300010 20462705180001460007532430126       0334800000001104950 SPAAL INDUSTRIA E COMERCIO LTD                                                                                                                                 00753243
0010001300001G 01033989508000576525290324614000000000001101012000409355000139SALMOS 27 LOGISTICA E TRANSPOR191020230000000057652520000000000000000902092023        0000000000000001021110202304627051800014600000000000000000000000000017112023 
0010001300002H 010000000000000000                                        000000000000000000000000000000000000000000000000121102023000000000288263000000000000000                                                                                
0010001300003G 01341929526000132139411271280640816901315840002005213735000117KREMPEL BRASIL LTDA           061120230000000013213940000000000000000910086566        0000000000000001020910202304627051800014600000000000000000000000000006112033 
0010001300004G 01033929502000002119095875269000000045480001012073090169000153AUTO POSTO DAS OLIVEIRAS KM 271310202300000000002119000000000000000009000031877       0000000000000001021010202304627051800014600000000000000000000000000010042024 
0010001300005H 010000000000000000                                        000000000000000000000000000000000000000000000000114102023000000000000212000000000000000                                                                                
0010001300006G 01341989530000050515010921801408032184416020002002602730000198MARCELO PEREIRA DOMINGUES  ME 10112023000000000505150000000000000000090008364001      0000000000000001021010202304627051800014600000000000000000000000000010112033 
0010001300007H 012002602730000198MARCELO PEREIRA DOMINGUES-ME            000000000000000000000000000000000000000000000000111112023000000000010103000000000000000                                                                                
0010001300008G 01341939560000050515010921801409832184416020002002602730000198MARCELO PEREIRA DOMINGUES  ME 10122023000000000505150000000000000000090008364002      0000000000000001021010202304627051800014600000000000000000000000000010122033 
0010001300009H 012002602730000198MARCELO PEREIRA DOMINGUES-ME            000000000000000000000000000000000000000000000000111122023000000000010103000000000000000                                                                                
0010001300010G 01364940000000007000000003000200438000000073072023314494000184DCONNECT TELECOM              1303202400000000007000000000000000000009                0000000000000001021110202304627051800014600000000000000000000000000011062024 
0010001300011H 012023314494000184DCONNECT TELECOM LTDA                   000000000000000000000000000000000000000000000000214032024000000000000200000000000000000                                                                                
0010001300012G 01364950000000007000000005000200438000000073062023314494000184DCONNECT TELECOM              1302202400000000007000000000000000000009                0000000000000001021110202304627051800014600000000000000000000000000013052024 
0010001300013H 012023314494000184DCONNECT TELECOM LTDA                   000000000000000000000000000000000000000000000000214022024000000000000200000000000000000                                                                                
0010001300014G 01364910000000007000000001000200438000000073092023314494000184DCONNECT TELECOM              1305202400000000007000000000000000000009                0000000000000001021110202304627051800014600000000000000000000000000011082024 
0010001300015H 012023314494000184DCONNECT TELECOM LTDA                   000000000000000000000000000000000000000000000000214052024000000000000200000000000000000                                                                                
0010001300016G 01364920000000007000000001000200438000000073032023314494000184DCONNECT TELECOM              1311202300000000007000000000000000000009                0000000000000001021110202304627051800014600000000000000000000000000011022024 
0010001300017H 012023314494000184DCONNECT TELECOM LTDA                   000000000000000000000000000000000000000000000000214112023000000000000200000000000000000                                                                                
0010001300018G 01364990000000007000000002000200438000000073022023314494000184DCONNECT TELECOM              1310202300000000007000000000000000000009                0000000000000001021110202304627051800014600000000000000000000000000011012024 
0010001300019H 012023314494000184DCONNECT TELECOM LTDA                   000000000000000000000000000000000000000000000000214102023000000000000200000000000000000                                                                                
0010001300020G 01364960000000007000000007000200438000000073052023314494000184DCONNECT TELECOM              1301202400000000007000000000000000000009                0000000000000001021110202304627051800014600000000000000000000000000012042024 
0010001300021H 012023314494000184DCONNECT TELECOM LTDA                   000000000000000000000000000000000000000000000000216012024000000000000200000000000000000                                                                                
0010001300022G 01364940000000007000000003000200438000000073102023314494000184DCONNECT TELECOM              1306202400000000007000000000000000000009                0000000000000001021110202304627051800014600000000000000000000000000011092024 
0010001300023H 012023314494000184DCONNECT TELECOM LTDA                   000000000000000000000000000000000000000000000000214062024000000000000200000000000000000                                                                                
0010001300024G 01364910000000007000000001000200438000000073122023314494000184DCONNECT TELECOM              1308202400000000007000000000000000000009                0000000000000001021110202304627051800014600000000000000000000000000011112024 
0010001300025H 012023314494000184DCONNECT TELECOM LTDA                   000000000000000000000000000000000000000000000000214082024000000000000200000000000000000                                                                                
0010001300026G 01364910000000007000000008000200438000000073132023314494000184DCONNECT TELECOM              1309202400000000007000000000000000000009                0000000000000001021110202304627051800014600000000000000000000000000012122024 
0010001300027H 012023314494000184DCONNECT TELECOM LTDA                   000000000000000000000000000000000000000000000000214092024000000000000200000000000000000                                                                                
0010001300028G 01364930000000007000000001000200438000000073082023314494000184DCONNECT TELECOM              1304202400000000007000000000000000000009                0000000000000001021110202304627051800014600000000000000000000000000012072024 
0010001300029H 012023314494000184DCONNECT TELECOM LTDA                   000000000000000000000000000000000000000000000000216042024000000000000200000000000000000                                                                                
0010001300030G 01364970000000007000000009000200438000000073042023314494000184DCONNECT TELECOM              1312202300000000007000000000000000000009                0000000000000001021110202304627051800014600000000000000000000000000012032024 
0010001300031H 012023314494000184DCONNECT TELECOM LTDA                   000000000000000000000000000000000000000000000000214122023000000000000200000000000000000                                                                                
0010001300032G 01364930000000007000000001000200438000000073112023314494000184DCONNECT TELECOM              1307202400000000007000000000000000000009                0000000000000001021110202304627051800014600000000000000000000000000011102024 
0010001300033H 012023314494000184DCONNECT TELECOM LTDA                   000000000000000000000000000000000000000000000000216072024000000000000200000000000000000                                                                                
0010001300034G 01341949533000031388515700066572300362522940002003960136000131FOCUS FACTORING LTDA          13112023000000000313885000000000000000099486            0000000000000001021110202304627051800014600000000000000000000000000013112033 
0010001300035H 012056471428000177FORTEPLAST IND E COM DE PLAST           000000000000000000000000000000000000000000000000300000000000000000000000000000000000000                                                                                
0010001300036G 01237969534000253033801410932840000022002733002076112374000322JUNTAS UNIVERSAL              141120230000000025303380000000000000000962495 1         0000000000000001021110202304627051800014600000000000000000000000010613012024 
0010001300037H 010000000000000000                                        000000000000000000000000000000000000000000000000215112023000000000000200000000000000000                                                                                
0010001300038G 01341989527000057000011271387747302498975470002061373437000165PARABOR LTDA                  0711202300000000057000000000000000000009047149/001      0000000000000001030910202304627051800014600000000000000000000000000007112033 
0010001300039G 01341939527000003405811271400286545100932650002060692944000107SCREEN MATERIAS SERIGRAFICOS  0711202300000000003405800000000000000009000030729       0000000000000003031110202304627051800014600000000000000000000000000007112033 
0010001300040G 01341989544000044411211271423918602026366500002050748748000145CARTONAGEM JAUENSE LTDA       2411202300000000044411200000000000000009116670   2      0000000000000003021010202304627051800014600000000000000000000000000024112033 
0010001300041G 01341919529000044424411271423917802026366500002050748748000145CARTONAGEM JAUENSE LTDA       0911202300000000044424400000000000000009116670   1      0000000000000003021010202304627051800014600000000000000000000000000009112033 
0010001300042G 01341959559000044411211271423919402026366500002050748748000145CARTONAGEM JAUENSE LTDA       0912202300000000044411200000000000000009116670   3      0000000000000003021010202304627051800014600000000000000000000000000009122033 
0010001300043G 01033929535000024260091795317000000022613001012059160689000164LUCHETI LUBRIFICANTES LTDA    15112023000000000242600000000000000000090211046/1       0000000000000001021110202304627051800014600000000000000000000000010413052024 
0010001300044G 01033919535000005244490111700111111118275901042034027549000191SMARTCRED FUNDO DE INVESTIMENT151120230000000000524440000000000000000934884           0000000000000001021110202304627051800014600000000000000000000000000013052024 
0010001300045H 012029846341000164SELBER TRATAMENTO DE METAIS LTDA        000000000000000000000000000000000000000000000000116112023000000000000787000000000000000                                                                                
0010001300046G 01341939560000025869710901763854229382064510002005607657000992SCANSOURCE BR DISTR TEC LTDA  1012202300000000025869700000000000000009X001286283      0000000000000001031110202304627051800014600000000000000000000000000010122033 
0010001300047G 01341959590000025869710901763855929382064510002005607657000992SCANSOURCE BR DISTR TEC LTDA  0901202400000000025869700000000000000009X001286284      0000000000000001031110202304627051800014600000000000000000000000000009012034 
0010001300048G 01341949530000025869710901763853429382064510002005607657000992SCANSOURCE BR DISTR TEC LTDA  1011202300000000025869700000000000000009X001286282      0000000000000001031110202304627051800014600000000000000000000000000010112033 
0010001300049G 01033989535000066097292985110000000008733501042032988589000174BAZOCASH COBRANCAS LTDA ME    151120230000000006609720000000000000000970995/001       0000000000000001021110202304627051800014600000000000000000000000010513052024 
0010001300050H 012004547319000192INTERNACIONAL RUBBER SEALS IND E COM LTD000000000000000000000000000000000000000000000000116112023000000000013219000000000000000                                                                                
00100015         000052000000000015470992                                                                                                                                                                                                       
00199999         000001000054000000                                                                                                                                                            00000000000000000000000000000                    
