00100000         2462705180001460007532430126       0334800000001104950 SPAAL INDUSTRIA E COMERCIO LTDBANCO DO BRASIL                         20209202306313400105803000000201190761CBR438                                                      
0010001110300010 20462705180001460007532430126       0334800000001104950 SPAAL INDUSTRIA E COMERCIO LTD                                                                                                                                 00753243
0010001300001G 01001969473000010404700000032443640000023213172061031126000118MGR INFORMATICA LTDA          1409202300000000010404700000000000000009                0000000000000001160109202304627051800014600000000000000000000000000014092023 
0010001300002H 012000000000000000                                        000000000000000000000000000000000000000000000000214092023000000000000200000000000000000                                                                                
0010001300003G 01001939519000011082006236792362191400004400112043283811000150KALUNGA SA                    30102023000000000110820000000000000000099500724001      0000000000000001150109202304627051800014600000000000000000000000000030102023 
0010001300004H 010000000000000000                                        000000000000000000000000000000000000000000000000230102023000000000000200000000000000000                                                                                
0010001300005G 01001949466000015130000000011513820000003179172066117441000186SP POSTAL LTDA EPP            07092023000000000151300000000000000000093179            0000000000000001150109202304627051800014600000000000000000000000000007092023 
0010001300006H 010000000000000000                                        000000000000000000000000000000000000000000000000207092023000000000001000000000000000000                                                                                
00100015         000008000000000000366167                                                                                                                                                                                                       
00199999         000001000010000000                                                                                                                                                            00000000000000000000000000000                    
