00100000         2462705180001460007532430126       0334800000001104950 SPAAL INDUSTRIA E COMERCIO LTDBANCO DO BRASIL                         20509202306315600106103000000201190761CBR438                                                      
0010001110300010 20462705180001460007532430126       0334800000001104950 SPAAL INDUSTRIA E COMERCIO LTD                                                                                                                                 00753243
0010001300001G 01341979495000148876611264200786100763654510002044068211000131METALAC SPS IND E COM LTDA    0610202300000000148876600000000000000009307854          0000000000000001030109202304627051800014600000000000000000000000000006102033 
0010001300002G 01341919495000128504411264200788700763654510002044068211000131METALAC SPS IND E COM LTDA    0610202300000000128504400000000000000009307856          0000000000000001030109202304627051800014600000000000000000000000000006102033 
0010001300003G 01341919495000211287411264200785300763654510002044068211000131METALAC SPS IND E COM LTDA    0610202300000000211287400000000000000009307853          0000000000000001030109202304627051800014600000000000000000000000000006102033 
0010001300004G 01341959495000266857211264200787900763654510002044068211000131METALAC SPS IND E COM LTDA    0610202300000000266857200000000000000009307855          0000000000000001030109202304627051800014600000000000000000000000000006102033 
0010001300005G 01341929495000332428011264200784600763654510002044068211000131METALAC SPS IND E COM LTDA    0610202300000000332428000000000000000009307852          0000000000000001030109202304627051800014600000000000000000000000000006102033 
0010001300006G 01033999485000307478898074488000158581212601012001685053000156SUL AMERICA COMPANHIA DE SEGUR2609202300000000307478800000000000000009000000158581212 0000000000000001020409202304627051800014600000000000000000000000000025112023 
0010001300007H 010000000000000000                                        000000000000000000000000000000000000000000000000127092023000000000061496000000000000000                                                                                
0010001300008G 01756949481000404140713214013887502001774380012038887170000102SARC SERVICOS ADMINISTRATIVOS 220920230000000040414070000000000000000992283           0000000000000001020109202304627051800014600000000000000000000000000019032024 
0010001300009H 012061403481000170INDUSTRIAS GERAIS DE PARAFUSOS INGEPAL L000000000000000000000000000000000000000000000000300000000000000000000000000000000000000                                                                                
0010001300010G 01237979491000045768614510900000020671003605502042580318000139VNF FACTORING MERCANTIL DE NEG02102023000000000457686000000000000000092067-1          0000000000000001020409202304627051800014600000000000000000000000000001122023 
0010001300011H 012041575733000131QPLAST IND E COM EMB PLAST EIRELI       000000000000000000000000000000000000000000000000300000000000000000000000000000000000000                                                                                
0010001300012G 01237939498000045768614510900000020672003605502042580318000139VNF FACTORING MERCANTIL DE NEG09102023000000000457686000000000000000092067-2          0000000000000001020409202304627051800014600000000000000000000000000008122023 
0010001300013H 012041575733000131QPLAST IND E COM EMB PLAST EIRELI       000000000000000000000000000000000000000000000000300000000000000000000000000000000000000                                                                                
0010001300014G 01237989505000045768614510900000020673003605502042580318000139VNF FACTORING MERCANTIL DE NEG16102023000000000457686000000000000000092067-3          0000000000000001020409202304627051800014600000000000000000000000000015122023 
0010001300015H 012041575733000131QPLAST IND E COM EMB PLAST EIRELI       000000000000000000000000000000000000000000000000300000000000000000000000000000000000000                                                                                
0010001300016G 01403969471000008425000000463895640056576885012037880206000163Cora SCD SA                   1209202300000000008425000000000000000009                0000000000000001040409202304627051800014600000000000000000000000000011122023 
0010001300017H 012046389564000169Sdo Materiais Eletricos Ltda            000000000000000000000000000000000000000000000000213092023000000000000200000000000000000                                                                                
0010001300018G 01341919474000041989710917124523431504201190002001382443000157MULTILIXO REMOC LIXO S C LTDA 1509202300000000041989700000000000000009402060          0000000000000003050309202304627051800014600000000000000000000000000015092033 
0010001300019G 01341919502000081631611264246715672433381880002049934250001321INOX TECH C A INOXIDAVEIS LTDA1310202300000000081631600000000000000009658025 2        0000000000000003032908202304627051800014600000000000000000000000000013102033 
0010001300020G 01341989517000081656211264246765172433381880002049934250001321INOX TECH C A INOXIDAVEIS LTDA2810202300000000081656200000000000000009658025 3        0000000000000003032908202304627051800014600000000000000000000000000028102033 
0010001300021G 01341959487000081631611264246645572433381880002049934250001321INOX TECH C A INOXIDAVEIS LTDA2809202300000000081631600000000000000009658025 1        0000000000000003032908202304627051800014600000000000000000000000000028092033 
0010001300022G 01237939466000000533704491913064196911004490002054651716000188SUPRICORP SUPRIMENTOS LTDA    0709202300000000000533700000000000000009006419691       0000000000000001020109202304627051800014600000000000000000000000000006112023 
0010001300023G 01237959470000020060133900232470000015001129702061100871000171MIDLAND                       1109202300000000020060100000000000000009081972          0000000000000003020109202304627051800014600000000000000000000000000010112023 
0010001300024G 01748919494000004750011231001962072637807491012010927145000196ALL BLUE COMUNICACAO VISUAL EI0510202300000000004750000000000000000009NFE3227/S       0000000000000001030409202304627051800014600000000000000000000000000002102033 
0010001300025H 010000000000000000                                        000000000000000000000000000000000000000000000000206102023000000000000500000000000000000                                                                                
0010001300026G 01422989488000033453071460000201367500000145822007705364000116COGERAL COM E LAM ACOS G LTDA 290920230000000003345300000000000000000927511 -1        0000000000000002020109202304627051800014600000000000000000000000010528122023 
0010001300027H 010000000000000000                                        000000000000000000000000000000000000000000000000230092023000000000000500000000000000000                                                                                
0010001300028G 01756979469000042840014285010010731301039140012062248620000100SINDICATO DOS METALURGICOS DE 1009202300000000042840000000000000000009000000003301039 0000000000000001021808202304627051800014600000000000000000000000000007032024 
0010001300029G 01341989501000051392210900571738601379344020002009328663000104GRUPO GONCALVES DIAS S A      121020230000000005139220000000000000000907009073        0000000000000001033108202304627051800014600000000000000000000000000012102033 
0010001300030G 01341939487000200698711264252210948361711750002051708881000300ABR IND COM DE AU PECAS EIRELI28092023000000002006987000000000000000090018690/01      0000000000000001033108202304627051800014600000000000000000000000000028092033 
0010001300031G 01341999487000056403110900571736001379344020002009328663000104GRUPO GONCALVES DIAS S A      280920230000000005640310000000000000000907009071        0000000000000001033108202304627051800014600000000000000000000000000028092033 
0010001300032G 01341969494000051392210900571737801379344020002009328663000104GRUPO GONCALVES DIAS S A      051020230000000005139220000000000000000907009072        0000000000000001033108202304627051800014600000000000000000000000000005102033 
0010001300033G 01341939476000046834211264283673112480824870002062232889000190BANCO DAYCOVAL S A            17092023000000000468342000000000000000090003682401      0000000000000001031808202304627051800014600000000000000000000000000017092033 
0010001300034H 012054800768000179SHOCK METAIS NAO FERROSOS LTDA          000000000000000000000000000000000000000000000000300000000000000000000000000000000000000                                                                                
0010001300035G 01341929474000060616910900017922732473709540002018661402000100MASTER MED G A R S LTDA EPP   150920230000000006061690000000000000000935671           0000000000000001050409202304627051800014600000000000000000000000000015092033 
0010001300036H 010000000000000000                                        000000000000000000000000000000000000000000000000116092023000000000012123000000000000000                                                                                
0010001300037G 01237989438000013356002970932470000002001317202034931165000107PORTALFLEX SERVICOS ADMINISTRA10082023000000000133560000000000000000090016100         0000000000000001021507202304627051800014600000000000000000000000000009102023 
0010001300038G 01237949438000013356002970932470000004001317202034931165000107PORTALFLEX SERVICOS ADMINISTRA10082023000000000133560000000000000000092307000056      0000000000000001021507202304627051800014600000000000000000000000000009102023 
0010001300039G 01341919502000010794411264366053620000390870002002423535000109BLOCKBIT TECNOLOGIA LTDA      1310202300000000010794400000000000000009140915/01       0000000000000003020109202304627051800014600000000000000000000000000013102033 
0010001300040G 01237919471000013356002970932470000006001317202034931165000107PORTALFLEX SERVICOS ADMINISTRA12092023000000000133560000000000000000092307000056      0000000000000001020908202304627051800014600000000000000000000000000011112023 
0010001300041G 01033919494000057807492985110000000008448401042032988589000174BAZOCASH COBRANCAS LTDA ME    051020230000000005780740000000000000000970842/001       0000000000000001020409202304627051800014600000000000000000000000010502042024 
0010001300042H 012004547319000192INTERNACIONAL RUBBER SEALS IND E COM LTD000000000000000000000000000000000000000000000000106102023000000000011561000000000000000                                                                                
0010001300043G 01033919493000041600091446347006600015581201042054766498000127MICROXCOLOR IND COM LTDA      0410202300000000041600000000000000000009055355          0000000000000001020409202304627051800014600000000000000000000000010701042024 
00100015         000045000000000029514569                                                                                                                                                                                                       
00199999         000001000047000000                                                                                                                                                            00000000000000000000000000000                    
