00100000         2462705180001460007532430126       0334800000001104950 SPAAL INDUSTRIA E COMERCIO LTDBANCO DO BRASIL                         20709202306310700106503000000201190761CBR438                                                      
0010001110300010 20462705180001460007532430126       0334800000001104950 SPAAL INDUSTRIA E COMERCIO LTD                                                                                                                                 00753243
0010001300001G 01341989484000104804015700000137169069962170002038210608000113LAB AUTOMACAO                 25092023000000001048040000000000000000091351            0000000000000001020609202304627051800014600000000000000000000000000025092033 
0010001300002H 010000000000000000                                        000000000000000000000000000000000000000000000000126092023000000000020961000000000000000                                                                                
0010001300003G 01237929474000004738619010900000002981004471202010243226000177GADE SOLUTION                 1509202300000000004738600000000000000009207080 1        0000000000000001020309202304627051800014600000000000000000000000010714112023 
0010001300004H 010000000000000000                                        000000000000000000000000000000000000000000000000216092023000000000000200000000000000000                                                                                
0010001300005G 01033919492000071647594947290000001077694001042005701847000117MOMENTIVE PERFORMANCE MATERIAL0310202300000000071647500000000000000009000137576001    0000000000000001020509202304627051800014600000000000000000000000011031032024 
0010001300006G 01341999498000099886011264707929500928116290002007834343000109BUSINESS BANK FOM MERC LTDA   091020230000000009988600000000000000000923011           0000000000000001030509202304627051800014600000000000000000000000000009102033 
0010001300007H 012005411171000127SYSTEMBOR IND E COM DE ARTEF D          000000000000000000000000000000000000000000000000300000000000000000000000000000000000000                                                                                
0010001300008G 01341989498000057565411264707927900928116290002007834343000109BUSINESS BANK FOM MERC LTDA   091020230000000005756540000000000000000923009           0000000000000001030509202304627051800014600000000000000000000000000009102033 
0010001300009H 012005411171000127SYSTEMBOR IND E COM DE ARTEF D          000000000000000000000000000000000000000000000000300000000000000000000000000000000000000                                                                                
0010001300010G 01341919498000041413911264707928700928116290002007834343000109BUSINESS BANK FOM MERC LTDA   091020230000000004141390000000000000000923010           0000000000000001030509202304627051800014600000000000000000000000000009102033 
0010001300011H 012005411171000127SYSTEMBOR IND E COM DE ARTEF D          000000000000000000000000000000000000000000000000300000000000000000000000000000000000000                                                                                
0010001300012G 01341949490000028288310900071264003543743810002072690431000138JUNTALIMA IND COM A PECAS LTDA0110202300000000028288300000000000000009156872/1        0000000000000001030109202304627051800014600000000000000000000000000001102033 
0010001300013G 01341919472000009145510900027259531303908870002007373002000175JOTATEI SERVICOS I LTDA       13092023000000000091455000000000000000090074938         0000000000000001030609202304627051800014600000000000000000000000000013092033 
0010001300014G 01341959473000003741010900027232231303908870002007373002000175JOTATEI SERVICOS I LTDA       14092023000000000037410000000000000000090074869         0000000000000001030609202304627051800014600000000000000000000000000014092033 
0010001300015G 01341919524000172224511264785653612682569950002051938702000151AGEL ANEIS GAXETAS EQP LTDA   04112023000000001722245000000000000000092-15993         0000000000000001030509202304627051800014600000000000000000000000000004112033 
0010001300016G 01341999518000018929911264785051312682569950002051938702000151AGEL ANEIS GAXETAS EQP LTDA   29102023000000000189299000000000000000091-33265         0000000000000001033008202304627051800014600000000000000000000000000029102033 
0010001300017G 01341999518000125278111264785052112682569950002051938702000151AGEL ANEIS GAXETAS EQP LTDA   29102023000000001252781000000000000000091-33266         0000000000000001033008202304627051800014600000000000000000000000000029102033 
0010001300018G 01364940000000001829200009000283140000000078152054945746000105ELETRODIESEL COMERCIAL EIRELI 2109202300000000001829200000000000000009                0000000000000001020609202304627051800014600000000000000000000000000020122023 
0010001300019H 012054945746000105ELETRODIESEL COMERCIAL LTDA             000000000000000000000000000000000000000000000000222092023000000000001000000000000000000                                                                                
0010001300020G 01707999499000008598200011211612293003137068412004091513000106DIRECTNET PRESTACAO DE SERV LT10102023000000000085982000000000000000092225335847      0000000000000001040109202304627051800014600000000000000000000000000014122023 
0010001300021H 010000000000000000                                        000000000000000000000000000000000000000000000000211102023000000000000100000000000000000                                                                                
0010001300022G 01341989505000221551210900037431508456271730002013425492000109ACTIVA F I D C MULTISSETORIAL 161020230000000022155120000000000000000923019           0000000000000001030609202304627051800014600000000000000000000000000016102033 
0010001300023H 012005411171000127SYSTEMBOR IND E COM DE ARTEFAT          000000000000000000000000000000000000000000000000117102023000000000044310000000000000000                                                                                
0010001300024G 01341979505000056366010900037428108456271730002013425492000109ACTIVA F I D C MULTISSETORIAL 161020230000000005636600000000000000000923018           0000000000000001030609202304627051800014600000000000000000000000000016102033 
0010001300025H 012005411171000127SYSTEMBOR IND E COM DE ARTEFAT          000000000000000000000000000000000000000000000000117102023000000000011273000000000000000                                                                                
0010001300026G 01341959505000050517010900037429908456271730002013425492000109ACTIVA F I D C MULTISSETORIAL 161020230000000005051700000000000000000923017           0000000000000001030609202304627051800014600000000000000000000000000016102033 
0010001300027H 012005411171000127SYSTEMBOR IND E COM DE ARTEFAT          000000000000000000000000000000000000000000000000117102023000000000010103000000000000000                                                                                
0010001300028G 01341989502000000989210902800637803684459380002058048000000141SINTEL TECNOLOGIA I S A       1310202300000000000989200000000000000009153745          0000000000000001050509202304627051800014600000000000000000000000000013102033 
0010001300029G 01237999481000021000033980932490000019000190002056304876000186QUIMAR INDUSTRIAS QUIMICAS LTD220920230000000002100000000000000000000900024927        0000000000000001022508202304627051800014600000000000000000000000011021112023 
0010001300030G 01033979494000081508098639949000000000164201012022607520000108CASTELO COMERCIO DE EQUIPAMENT05102023000000000815080000000000000000093260            0000000000000001020609202304627051800014600000000000000000000000000002042024 
0010001300031H 010000000000000000                                        000000000000000000000000000000000000000000000000107102023000000000081508000000000000000                                                                                
00100015         000033000000000011800215                                                                                                                                                                                                       
00199999         000001000035000000                                                                                                                                                            00000000000000000000000000000                    
