00100000         2462705180001460007532430126       0334800000001104950 SPAAL INDUSTRIA E COMERCIO LTDBANCO DO BRASIL                         20808202306311800102103000000201190761CBR438                                                      
0010001110300010 20462705180001460007532430126       0334800000001104950 SPAAL INDUSTRIA E COMERCIO LTD                                                                                                                                 00753243
0010001300001G 01341979467000050563211258707858800928116290002007834343000109BUSINESS BANK FOM MERC LTDA   080920230000000005056320000000000000000922883           0000000000000001030108202304627051800014600000000000000000000000000008092033 
0010001300002H 012005411171000127SYSTEMBOR IND E COM DE ARTEF D          000000000000000000000000000000000000000000000000300000000000000000000000000000000000000                                                                                
0010001300003G 01341919467000070267211258707860400928116290002007834343000109BUSINESS BANK FOM MERC LTDA   080920230000000007026720000000000000000922885           0000000000000001030108202304627051800014600000000000000000000000000008092033 
0010001300004H 012005411171000127SYSTEMBOR IND E COM DE ARTEF D          000000000000000000000000000000000000000000000000300000000000000000000000000000000000000                                                                                
0010001300005G 01341929466000294560011258707854700928116290002007834343000109BUSINESS BANK FOM MERC LTDA   070920230000000029456000000000000000000922890           0000000000000001030308202304627051800014600000000000000000000000000007092033 
0010001300006H 012005411171000127SYSTEMBOR IND E COM DE ARTEF D          000000000000000000000000000000000000000000000000300000000000000000000000000000000000000                                                                                
0010001300007G 01341979467000140315711258707857000928116290002007834343000109BUSINESS BANK FOM MERC LTDA   080920230000000014031570000000000000000922880           0000000000000001030108202304627051800014600000000000000000000000000008092033 
0010001300008H 012005411171000127SYSTEMBOR IND E COM DE ARTEF D          000000000000000000000000000000000000000000000000300000000000000000000000000000000000000                                                                                
0010001300009G 01341939467000051002611258707859600928116290002007834343000109BUSINESS BANK FOM MERC LTDA   080920230000000005100260000000000000000922884           0000000000000001030108202304627051800014600000000000000000000000000008092033 
0010001300010H 012005411171000127SYSTEMBOR IND E COM DE ARTEF D          000000000000000000000000000000000000000000000000300000000000000000000000000000000000000                                                                                
0010001300011G 01756959438000042420014285010010731300075100012062248620000100SINDICATO DOS METALURGICOS DE 1008202300000000042420000000000000000009000000003300075 0000000000000001021907202304627051800014600000000000000000000000000005022024 
0010001300012G 01237959466000042248302720932190000001015222502013310799000164FAST BUSINESS SERVICOS ESPECIA070920230000000004224830000000000000000922892           0000000000000001020708202304627051800014600000000000000000000000010506112023 
0010001300013H 012005411171000127SYSTEMBOR IND E COM DE ARTEF DE BORRACHA000000000000000000000000000000000000000000000000208092023000000000000300000000000000000                                                                                
0010001300014G 01237979466000102858302720932190000002015222502013310799000164FAST BUSINESS SERVICOS ESPECIA070920230000000010285830000000000000000922893           0000000000000001020708202304627051800014600000000000000000000000010506112023 
0010001300015H 012005411171000127SYSTEMBOR IND E COM DE ARTEF DE BORRACHA000000000000000000000000000000000000000000000000208092023000000000000300000000000000000                                                                                
0010001300016G 01237919467000058720702720932190000003015222502013310799000164FAST BUSINESS SERVICOS ESPECIA080920230000000005872070000000000000000922888           0000000000000001020208202304627051800014600000000000000000000000010507112023 
0010001300017H 012005411171000127SYSTEMBOR IND E COM DE ARTEF DE BORRACHA000000000000000000000000000000000000000000000000209092023000000000000300000000000000000                                                                                
0010001300018G 01237989466000088645802720932190000004015222502013310799000164FAST BUSINESS SERVICOS ESPECIA070920230000000008864580000000000000000922889           0000000000000001023107202304627051800014600000000000000000000000010506112023 
0010001300019H 012005411171000127SYSTEMBOR IND E COM DE ARTEF DE BORRACHA000000000000000000000000000000000000000000000000208092023000000000000300000000000000000                                                                                
0010001300020G 01341949463000488021511258781394300191545090002062152335000182RICHARD KLINGER IND E COM LTDA04092023000000004880215000000000000000090006767901      0000000000000001023107202304627051800014600000000000000000000000000004092033 
0010001300021G 01341989474000048625411258804699802026366500002050748748000145CARTONAGEM JAUENSE LTDA       1509202300000000048625400000000000000009114629   2      0000000000000003020108202304627051800014600000000000000000000000000015092033 
0010001300022G 01341919459000048639911258804698002026366500002050748748000145CARTONAGEM JAUENSE LTDA       3108202300000000048639900000000000000009114629   1      0000000000000003020108202304627051800014600000000000000000000000000031082033 
0010001300023G 01341929489000048625411258804700402026366500002050748748000145CARTONAGEM JAUENSE LTDA       3009202300000000048625400000000000000009114629   3      0000000000000003020108202304627051800014600000000000000000000000000030092033 
0010001300024G 01341979459000018116111258806432202021228340002002275654000153GRAFICA SUPREMA EMB LTDA      310820230000000001811610000000000000000957242   1       0000000000000003020108202304627051800014600000000000000000000000000031082033 
0010001300025G 01341919474000018110711258806433002021228340002002275654000153GRAFICA SUPREMA EMB LTDA      150920230000000001811070000000000000000957242   2       0000000000000003020108202304627051800014600000000000000000000000000015092033 
0010001300026G 01341939489000018110711258806434802021228340002002275654000153GRAFICA SUPREMA EMB LTDA      300920230000000001811070000000000000000957242   3       0000000000000003020108202304627051800014600000000000000000000000000030092033 
0010001300027G 01341989470000092618010900036542008456271730002013425492000109ACTIVA F I D C MULTISSETORIAL 110920230000000009261800000000000000000922901           0000000000000001030708202304627051800014600000000000000000000000000011092033 
0010001300028H 012005411171000127SYSTEMBOR IND E COM DE ARTEFAT          000000000000000000000000000000000000000000000000112092023000000000018523000000000000000                                                                                
0010001300029G 01341919466000124671010900036547908456271730002013425492000109ACTIVA F I D C MULTISSETORIAL 070920230000000012467100000000000000000922894           0000000000000001030308202304627051800014600000000000000000000000000007092033 
0010001300030H 012005411171000127SYSTEMBOR IND E COM DE ARTEFAT          000000000000000000000000000000000000000000000000108092023000000000024934000000000000000                                                                                
0010001300031G 01341919470000067445710900036541208456271730002013425492000109ACTIVA F I D C MULTISSETORIAL 110920230000000006744570000000000000000922900           0000000000000001030708202304627051800014600000000000000000000000000011092033 
0010001300032H 012005411171000127SYSTEMBOR IND E COM DE ARTEFAT          000000000000000000000000000000000000000000000000112092023000000000013489000000000000000                                                                                
0010001300033G 01237919439000006636019360932190000026001500202068184860000166ISOPEL                        110820230000000000663600000000000000000917864           0000000000000001020708202304627051800014600000000000000000000000000010102023 
0010001300034H 010000000000000000                                        000000000000000000000000000000000000000000000000112082023000000000000663000000000000000                                                                                
0010001300035G 01237959437000276345033740900000025972003929002055417521000130TOCANTINS                     090820230000000027634500000000000000000900217205        0000000000000001022507202304627051800014600000000000000000000000010508102023 
0010001300036G 01748999462000011605311232033469075303268791032043363381000186MINERACAO SAO JUDAS LTDA      0309202300000000011605300000000000000009CR00212197      0000000000000001030408202304627051800014600000000000000000000000010531082033 
0010001300037H 010000000000000000                                        000000000000000000000000000000000000000000000000205092023000000000000200000000000000000                                                                                
0010001300038G 01237979444000001703133960200000223857000516502001610798000156TECMAR TRANSPORTES LTDA       16082023000000000017031000000000000000092506036-1       0000000000000003020708202304627051800014600000000000000000000000000015102023 
0010001300039H 010000000000000000                                        000000000000000000000000000000000000000000000000217082023000000000000200000000000000000                                                                                
00100015         000041000000000022108756                                                                                                                                                                                                       
00199999         000001000043000000                                                                                                                                                            00000000000000000000000000000                    
