00100000         2462705180001460007532430126       0334800000001104950 SPAAL INDUSTRIA E COMERCIO LTDBANCO DO BRASIL                         20807202306310900097903000000201190761CBR438                                                      
0010001110300010 20462705180001460007532430126       0334800000001104950 SPAAL INDUSTRIA E COMERCIO LTD                                                                                                                                 00753243
0010001300001G 01001949406000008616000000011513820000003090172066117441000186SP POSTAL LTDA EPP            09072023000000000086160000000000000000093090            0000000000000001150707202304627051800014600000000000000000000000000009072023 
0010001300002H 010000000000000000                                        000000000000000000000000000000000000000000000000209072023000000000001000000000000000000                                                                                
00100015         000004000000000000086160                                                                                                                                                                                                       
00199999         000001000006000000                                                                                                                                                            00000000000000000000000000000                    
