00100000         2462705180001460007532430126       0334800000001104950 SPAAL INDUSTRIA E COMERCIO LTDBANCO DO BRASIL                         21807202306312600099003000000201190761CBR438                                                      
0010001110300010 20462705180001460007532430126       0334800000001104950 SPAAL INDUSTRIA E COMERCIO LTD                                                                                                                                 00753243
0010001300001G 01033929439000007298394845013000002972886001042060889128000180BANCO SOFISA S/A              1108202300000000007298300000000000000009512706001       0000000000000001021207202304627051800014600000000000000000000000010507022024 
0010001300002H 012055183248001018FORMILINE INDUSTRIA DE LAMINADOS L      000000000000000000000000000000000000000000000000112082023000000000000146000000000000000                                                                                
0010001300003G 01033959469000006344894845013000002972888601042060889128000180BANCO SOFISA S/A              1009202300000000006344800000000000000009512706003       0000000000000001021207202304627051800014600000000000000000000000010508032024 
0010001300004H 012055183248001018FORMILINE INDUSTRIA DE LAMINADOS L      000000000000000000000000000000000000000000000000111092023000000000000127000000000000000                                                                                
0010001300005G 01033919454000006344794845013000002972887801042060889128000180BANCO SOFISA S/A              2608202300000000006344700000000000000009512706002       0000000000000001021207202304627051800014600000000000000000000000010522022024 
0010001300006H 012055183248001018FORMILINE INDUSTRIA DE LAMINADOS L      000000000000000000000000000000000000000000000000127082023000000000000127000000000000000                                                                                
0010001300007G 01341919432000003220010900083490502651327200002001465119000100POINTSEALS VED HIDR PNEM LTDA 0408202300000000003220000000000000000009054139          0000000000000001030707202304627051800014600000000000000000000000000004082033 
0010001300008H 010000000000000000                                        000000000000000000000000000000000000000000000000106082023000000000000644000000000000000                                                                                
0010001300009G 01341959443000004010015700001968386990521820002001165629000154TECNERG GERACAO T ENERGIA LTDA1508202300000000004010000000000000000009271.18685       0000000000000001031707202304627051800014600000000000000000000000000015082033 
0010001300010H 010000000000000000                                        000000000000000000000000000000000000000000000000116082023000000000000802000000000000000                                                                                
0010001300011G 01341919446000011319711254573005600928116290002007834343000109BUSINESS BANK FOM MERC LTDA   180820230000000001131970000000000000000922809           0000000000000001031407202304627051800014600000000000000000000000000018082033 
0010001300012H 012005411171000127SYSTEMBOR IND E COM DE ARTEF D          000000000000000000000000000000000000000000000000300000000000000000000000000000000000000                                                                                
0010001300013G 01341979446000034244611254573004900928116290002007834343000109BUSINESS BANK FOM MERC LTDA   180820230000000003424460000000000000000922808           0000000000000001031407202304627051800014600000000000000000000000000018082033 
0010001300014H 012005411171000127SYSTEMBOR IND E COM DE ARTEF D          000000000000000000000000000000000000000000000000300000000000000000000000000000000000000                                                                                
0010001300015G 01341989446000017958411254573006400928116290002007834343000109BUSINESS BANK FOM MERC LTDA   180820230000000001795840000000000000000922810           0000000000000001031407202304627051800014600000000000000000000000000018082033 
0010001300016H 012005411171000127SYSTEMBOR IND E COM DE ARTEF D          000000000000000000000000000000000000000000000000300000000000000000000000000000000000000                                                                                
0010001300017G 01237939446000069190002720931980000001015222502013310799000164FAST BUSINESS SERVICOS ESPECIA180820230000000006919000000000000000000922787           0000000000000001021107202304627051800014600000000000000000000000010517102023 
0010001300018H 012005411171000127SYSTEMBOR IND E COM DE ARTEF DE BORRACHA000000000000000000000000000000000000000000000000219082023000000000000300000000000000000                                                                                
0010001300019G 01237919446000037914902720931980000002015222502013310799000164FAST BUSINESS SERVICOS ESPECIA180820230000000003791490000000000000000922790           0000000000000001021107202304627051800014600000000000000000000000010517102023 
0010001300020H 012005411171000127SYSTEMBOR IND E COM DE ARTEF DE BORRACHA000000000000000000000000000000000000000000000000219082023000000000000300000000000000000                                                                                
0010001300021G 01237969446000020319102720931980000003015222502013310799000164FAST BUSINESS SERVICOS ESPECIA180820230000000002031910000000000000000922791           0000000000000001021107202304627051800014600000000000000000000000010517102023 
0010001300022H 012005411171000127SYSTEMBOR IND E COM DE ARTEF DE BORRACHA000000000000000000000000000000000000000000000000219082023000000000000300000000000000000                                                                                
0010001300023G 01237999446000028088202720931980000004015222502013310799000164FAST BUSINESS SERVICOS ESPECIA180820230000000002808820000000000000000922792           0000000000000001021107202304627051800014600000000000000000000000010517102023 
0010001300024H 012005411171000127SYSTEMBOR IND E COM DE ARTEF DE BORRACHA000000000000000000000000000000000000000000000000219082023000000000000300000000000000000                                                                                
0010001300025G 01237939446000016842202720931980000005015222502013310799000164FAST BUSINESS SERVICOS ESPECIA180820230000000001684220000000000000000922793           0000000000000001021107202304627051800014600000000000000000000000010517102023 
0010001300026H 012005411171000127SYSTEMBOR IND E COM DE ARTEF DE BORRACHA000000000000000000000000000000000000000000000000219082023000000000000300000000000000000                                                                                
0010001300027G 01237919446000026474002720931980000006015222502013310799000164FAST BUSINESS SERVICOS ESPECIA180820230000000002647400000000000000000922794           0000000000000001021107202304627051800014600000000000000000000000010517102023 
0010001300028H 012005411171000127SYSTEMBOR IND E COM DE ARTEF DE BORRACHA000000000000000000000000000000000000000000000000219082023000000000000300000000000000000                                                                                
0010001300029G 01341919441000004520615600040501066451283610002066063892000188OXXION INFORMATICA LTDA ME    1308202300000000004520600000000000000009NS002418        0000000000000001041707202304627051800014600000000000000000000000000013082033 
0010001300030H 010000000000000000                                        000000000000000000000000000000000000000000000000114082023000000000000904000000000000000                                                                                
0010001300031G 01341919438000034927010900562382401379344020002009328663000104GRUPO GONCALVES DIAS S A      100820230000000003492700000000000000000906929511        0000000000000001031307202304627051800014600000000000000000000000000010082033 
0010001300032G 01033969429000032236990847488000003675481101012044914992000138RODONAVES TRANSPORTES E ENCOME010820230000000003223690000000000000000923A00490882201  0000000000000001021607202304627051800014600000000000000000000000000029092023 
0010001300033H 010000000000000000                                        000000000000000000000000000000000000000000000000102082023000000000006448000000000000000                                                                                
0010001300034G 01341919448000019645310925042847282522001370002062649264000128SIND IND ART BORR NO EST DE SP20082023000000000196453000000000000000090025042847      0000000000000001991407202304627051800014600000000000000000000000000020082033 
0010001300035G 01341939435000004029710954469317684934753160002029035398000183CONSIGAZ CILINDROS LTDA       07082023000000000040297000000000000000090003372         0000000000000001991707202304627051800014600000000000000000000000000007082033 
0010001300036H 010000000000000000                                        000000000000000000000000000000000000000000000000108082023000000000000805000000000000000                                                                                
0010001300037G 01341959424000003350015700040410207482395550002021415850000120BRUNO L B B U PROFISSIONAIS   2707202300000000003350000000000000000009699             0000000000000001021707202304627051800014600000000000000000000000000027072033 
0010001300038G 01033919444000096193292985110000000007947201042032988589000174BAZOCASH COBRANCAS LTDA ME    160820230000000009619320000000000000000970605/001       0000000000000001021307202304627051800014600000000000000000000000010512022024 
0010001300039H 012004547319000192INTERNACIONAL RUBBER SEALS IND E COM EIR000000000000000000000000000000000000000000000000117082023000000000019239000000000000000                                                                                
0010001300040G 01104939426000027418145921238181000400000968272010275122000144GS CONTROLE DE VETORES E PRAGA290720230000000002741810000000000000000900202319939     0000000000000001021707202304627051800014600000000000000000000000000028082023 
0010001300041H 010000000000000000                                        000000000000000000000000000000000000000000000000130072023000000000005484000000000000000                                                                                
00100015         000043000000000005118897                                                                                                                                                                                                       
00199999         000001000045000000                                                                                                                                                            00000000000000000000000000000                    
