00100000         2462705180001460007532430126       0334800000001104950 SPAAL INDUSTRIA E COMERCIO LTDBANCO DO BRASIL                         20508202306310500101903000000201190761CBR438                                                      
0010001110300010 20462705180001460007532430126       0334800000001104950 SPAAL INDUSTRIA E COMERCIO LTD                                                                                                                                 00753243
0010001300001G 01341969442000084027911258491158348361711750002051708881000300ABR IND COM DE AU PECAS EIRELI14082023000000000840279000000000000000090018408/01      0000000000000001031707202304627051800014600000000000000000000000000014082033 
0010001300002G 01341929458000049948510900035057909100822620002061526836000119ACUMENT BRASIL S FIXACAO S A  3008202300000000049948500000000000000009664851          0000000000000001033107202304627051800014600000000000000000000000000030082033 
0010001300003H 010000000000000000                                        000000000000000000000000000000000000000000000000131082023000000000009989000000000000000                                                                                
0010001300004G 01341919472000004520615600040520066451283610002066063892000188OXXION INFORMATICA LTDA ME    1309202300000000004520600000000000000009NS002437        0000000000000001040408202304627051800014600000000000000000000000000013092033 
0010001300005H 010000000000000000                                        000000000000000000000000000000000000000000000000114092023000000000000904000000000000000                                                                                
0010001300006G 01104989439000024000024144650001000400000152912010715054000197IMHP   INSTITUTO DE MONITORAME11082023000000000240000000000000000000091529            0000000000000001230408202304627051800014600000000000000000000000000008092023 
0010001300007G 01341959442000003741010900027003731303908870002007373002000175JOTATEI SERVICOS I LTDA       14082023000000000037410000000000000000090074688         0000000000000001030408202304627051800014600000000000000000000000000014082033 
0010001300008G 01341919441000009145510900027031831303908870002007373002000175JOTATEI SERVICOS I LTDA       13082023000000000091455000000000000000090074639         0000000000000001030408202304627051800014600000000000000000000000000013082033 
0010001300009G 01341999443000004738610910139834301485986340002010243226000177GADE CORPORATIVA LTDA   ME    1508202300000000004738600000000000000009203397/1        0000000000000001020208202304627051800014600000000000000000000000000015082033 
0010001300010H 010000000000000000                                        000000000000000000000000000000000000000000000000116082023000000000000947000000000000000                                                                                
0010001300011G 01341939441000010290015700042132603544197490002058720152000149ALARMETROP LTDA ME            1308202300000000010290000000000000000009281             0000000000000001020408202304627051800014600000000000000000000000000013082033 
0010001300012H 010000000000000000                                        000000000000000000000000000000000000000000000000114082023000000000010290000000000000000                                                                                
0010001300013G 01341959459000001801410900065052105685846840002003114171000130BORFER FERRAGENS FERRAMENTA LT3108202300000000001801400000000000000009135009/1        0000000000000001030308202304627051800014600000000000000000000000000031082033 
0010001300014H 010000000000000000                                        000000000000000000000000000000000000000000000000102092023000000000000360000000000000000                                                                                
0010001300015G 01033919463000004820094845013000003046573701042060889128000180BANCO SOFISA S/A              040920230000000000482000000000000000000914645/001       0000000000000001020408202304627051800014600000000000000000000000011002032024 
0010001300016H 012017253970000100ROLLER VALE LTDA ME                     000000000000000000000000000000000000000000000000105092023000000000000964000000000000000                                                                                
00100015         000018000000000001970335                                                                                                                                                                                                       
00199999         000001000020000000                                                                                                                                                            00000000000000000000000000000                    
