00100000         2462705180001460007532430126       0334800000001104950 SPAAL INDUSTRIA E COMERCIO LTDBANCO DO BRASIL                         22607202306311600100403000000201190761CBR438                                                      
0010001110300010 20462705180001460007532430126       0334800000001104950 SPAAL INDUSTRIA E COMERCIO LTD                                                                                                                                 00753243
0010001300001G 01237979450000025171214510900000019721003605502042580318000139VNF FACTORING MERCANTIL DE NEG22082023000000000251712000000000000000091972-1          0000000000000001022507202304627051800014600000000000000000000000000021102023 
0010001300002H 012041575733000131QPLAST IND E COM EMB PLAST EIRELI       000000000000000000000000000000000000000000000000300000000000000000000000000000000000000                                                                                
0010001300003G 01237969457000025171114510900000019722003605502042580318000139VNF FACTORING MERCANTIL DE NEG29082023000000000251711000000000000000091972-2          0000000000000001022507202304627051800014600000000000000000000000000028102023 
0010001300004H 012041575733000131QPLAST IND E COM EMB PLAST EIRELI       000000000000000000000000000000000000000000000000300000000000000000000000000000000000000                                                                                
0010001300005G 01237929464000025171114510900000019723003605502042580318000139VNF FACTORING MERCANTIL DE NEG05092023000000000251711000000000000000091972-3          0000000000000001022507202304627051800014600000000000000000000000000004112023 
0010001300006H 012041575733000131QPLAST IND E COM EMB PLAST EIRELI       000000000000000000000000000000000000000000000000300000000000000000000000000000000000000                                                                                
0010001300007G 01341949470000072926511256321447032185638500002000516828000105R D I I EXPORTADORA LTDA      11092023000000000729265000000000000000090063043         0000000000000001031307202304627051800014600000000000000000000000000011092033 
0010001300008G 01341929449000061374111256357209101763246970002054429345000194AURIQUIMICA LTDA              2108202300000000061374100000000000000009024200401       0000000000000001032407202304627051800014600000000000000000000000000021082033 
0010001300009G 01033929451000120884592024799000000000039301012061409215000155SAPOPEMBA INDUSTRIA E COMERCIO230820230000000012088450000000000000000961337           0000000000000001022507202304627051800014600000000000000000000000000021112023 
0010001300010G 01341939444000061361410900020696702952901670002090629601000150INTERQUIMICA COM IND PROD Q LT16082023000000000613614000000000000000090000851-1       0000000000000001031907202304627051800014600000000000000000000000000016082033 
0010001300011G 01341959458000061360010900020698302952901670002090629601000150INTERQUIMICA COM IND PROD Q LT30082023000000000613600000000000000000090000851-3       0000000000000001031907202304627051800014600000000000000000000000000030082033 
0010001300012G 01341919451000061360010900020697502952901670002090629601000150INTERQUIMICA COM IND PROD Q LT23082023000000000613600000000000000000090000851-2       0000000000000001031907202304627051800014600000000000000000000000000023082033 
0010001300013G 01341999446000031824211256411526201365777560002000385650000100ATCO PLASTICOS LTDA           1808202300000000031824200000000000000009224180          0000000000000001032007202304627051800014600000000000000000000000000018082033 
0010001300014G 01341919451000011000015700003560900925382300002044358562000187TEAM TEC ESP APAR MED CON LTDA230820230000000001100000000000000000000928924           0000000000000001032507202304627051800014600000000000000000000000000023082033 
0010001300015G 01237999453000010485224220900000026007002773002036112686000150PROSPERITY SECURITIZADORA S.A.250820230000000001048520000000000000000932347           0000000000000001022107202304627051800014600000000000000000000000000024102023 
0010001300016H 012029846341000164SELBER TRATAMENTO DE METAIS LTDA        000000000000000000000000000000000000000000000000226082023000000000000200000000000000000                                                                                
0010001300017G 01341969425000067553810900957962100042865890002047680798000123ADP BRASIL LTDA               2807202300000000067553800000000000000009001359154       0000000000000001051107202304627051800014600000000000000000000000000028072033 
0010001300018H 010000000000000000                                        000000000000000000000000000000000000000000000000129072023000000000013511000000000000000                                                                                
0010001300019G 01341919425000067553810900957961300042865890002047680798000123ADP BRASIL LTDA               2807202300000000067553800000000000000009001359151       0000000000000001051107202304627051800014600000000000000000000000000028072033 
0010001300020H 010000000000000000                                        000000000000000000000000000000000000000000000000129072023000000000013511000000000000000                                                                                
0010001300021G 01033969425000001345195875269000000045051001012073090169000153AUTO POSTO DAS OLIVEIRAS KM 272807202300000000001345100000000000000009000031287       0000000000000001022507202304627051800014600000000000000000000000000024012024 
0010001300022H 010000000000000000                                        000000000000000000000000000000000000000000000000129072023000000000000135000000000000000                                                                                
0010001300023G 01033979442000023416090101600000000010168001042059408005000281MITUTOYO SUL AMERICANA LTDA   1408202300000000023416000000000000000009S/25411/        0000000000000001022507202304627051800014600000000000000000000000000010022024 
0010001300024G 01745959452000003378231000471600146654108094812000676486000182FEDERAL EXPRESS CORP          24082023000000000033782000000000000000090541080948      0000000000000001032507202304627051800014600000000000000000000000000022112023 
0010001300025H 010000000000000000                                        000000000000000000000000000000000000000000000000225082023000000000000200000000000000000                                                                                
0010001300026G 01237919434000036896323740596088604292006248002061198164000160PORTO SEGURO CIA DE SEG GER   06082023000000000368963000000000000000096614118084      0000000000000001032507202304627051800014600000000000000000000000000005092023 
00100015         000028000000000007682325                                                                                                                                                                                                       
00199999         000001000030000000                                                                                                                                                            00000000000000000000000000000                    
