00100000         2462705180001460007532430126       0334800000001104950 SPAAL INDUSTRIA E COMERCIO LTDBANCO DO BRASIL                         20208202306313600101303000000201190761CBR438                                                      
0010001110300010 20462705180001460007532430126       0334800000001104950 SPAAL INDUSTRIA E COMERCIO LTD                                                                                                                                 00753243
0010001300001G 01033919443000008675498074658000013248679201012001704513000146SUL AMERICA SEGUROS DE PESSOAS1508202300000000008675400000000000000009000000013248679 0000000000000001020108202304627051800014600000000000000000000000000014102023 
0010001300002G 01341959456000014462011257657054602570001580002056993512000150CYKLOP BRASIL EMBALAGENS LTDA 28082023000000000144620000000000000000090439114         0000000000000001033107202304627051800014600000000000000000000000000028082033 
0010001300003H 010000000000000000                                        000000000000000000000000000000000000000000000000129082023000000000002892000000000000000                                                                                
0010001300004G 01033949432000447182290324614000000000000401012000409355000139SALMOS 27 LOGISTICA E TRANSPOR040820230000000044718220000000000000000901072023        0000000000000001020108202304627051800014600000000000000000000000000002092023 
0010001300005G 01237919460000005717302720932130000001015222502013310799000164FAST BUSINESS SERVICOS ESPECIA010920230000000000571730000000000000000922861           0000000000000001023107202304627051800014600000000000000000000000010531102023 
0010001300006H 012005411171000127SYSTEMBOR IND E COM DE ARTEF DE BORRACHA000000000000000000000000000000000000000000000000202092023000000000000300000000000000000                                                                                
0010001300007G 01237999446000059766027690932130000010001510102018489812000108AMCC FITAS COMERCIO EM GERAL E18082023000000000597660000000000000000092298            0000000000000001022107202304627051800014600000000000000000000000000017102023 
0010001300008G 01033969443000009417690148654000000000090101012027362602000145TOP SERVICOS E TRANSPORTES LTD1508202300000000009417600000000000000009FAT 1217        0000000000000001053107202304627051800014600000000000000000000000000022082023 
0010001300009H 010000000000000000                                        000000000000000000000000000000000000000000000000121082023000000000001884000000000000000                                                                                
0010001300010G 01341979464000018900010900054182001612954640002062648555000100SINDICATO N I C P VEICULOS    05092023000000000189000000000000000000090000054182      0000000000000001990108202304627051800014600000000000000000000000000005092033 
0010001300011G 01341969461000137108410900041025600693430280002053561619000131COMERCIAL ORLANDI LTDA        020920230000000013710840000000000000000925277C          0000000000000001030407202304627051800014600000000000000000000000000002092033 
0010001300012G 01341989459000182714210900041033000693430280002053561619000131COMERCIAL ORLANDI LTDA        310820230000000018271420000000000000000925378B          0000000000000001031707202304627051800014600000000000000000000000000031082033 
0010001300013G 01341939461000136584910900041024900693430280002053561619000131COMERCIAL ORLANDI LTDA        020920230000000013658490000000000000000925276C          0000000000000001030407202304627051800014600000000000000000000000000002092033 
0010001300014G 01341939449000005373010954729884184934753160002029035398000183CONSIGAZ CILINDROS LTDA       21082023000000000053730000000000000000090003356         0000000000000001993107202304627051800014600000000000000000000000000021082033 
0010001300015H 010000000000000000                                        000000000000000000000000000000000000000000000000122082023000000000001074000000000000000                                                                                
0010001300016G 01341939443000098484015600043751186110158870002043352558000149MICRO SERVICE IND QUIMICA LTDA150820230000000009848400000000000000000936591           0000000000000001030108202304627051800014600000000000000000000000000015082033 
0010001300017H 010000000000000000                                        000000000000000000000000000000000000000000000000116082023000000000019697000000000000000                                                                                
0010001300018G 01341919468000061164911257827804972432301460002049934250001321INOX TECH C A INOXIDAVEIS LTDA0909202300000000061164900000000000000009651410 2        0000000000000001032607202304627051800014600000000000000000000000000009092033 
0010001300019G 01341969453000061164911257827803172432301460002049934250001321INOX TECH C A INOXIDAVEIS LTDA2508202300000000061164900000000000000009651410 1        0000000000000001032607202304627051800014600000000000000000000000000025082033 
0010001300020G 01341949483000061183311257827805672432301460002049934250001321INOX TECH C A INOXIDAVEIS LTDA2409202300000000061183300000000000000009651410 3        0000000000000001032607202304627051800014600000000000000000000000000024092033 
0010001300021G 013419594420000315401109000015272034912905600020360953780001632EASY SOLUCOES EM RECURSOS HUM14082023000000000315401000000000000000092733            0000000000000001050108202304627051800014600000000000000000000000000014082033 
0010001300022H 010000000000000000                                        000000000000000000000000000000000000000000000000115082023000000000006308000000000000000                                                                                
0010001300023G 01033979444000043158890847488000003717138001012044914992000138RODONAVES TRANSPORTES E ENCOME160820230000000004315880000000000000000923A00505410501  0000000000000001023107202304627051800014600000000000000000000000000014102023 
0010001300024H 010000000000000000                                        000000000000000000000000000000000000000000000000117082023000000000008632000000000000000                                                                                
0010001300025G 01341919442000001102410900126262401745396010002046220369000291D-SAAS TECN DESENV SOFTWARE LT1408202300000000001102400000000000000009                0000000000000001020108202304627051800014600000000000000000000000000014082033 
0010001300026G 01745979459000018444231000471600146654112608582000676486000182FEDERAL EXPRESS CORP          31082023000000000184442000000000000000090541126085      0000000000000001030108202304627051800014600000000000000000000000000029112023 
0010001300027H 010000000000000000                                        000000000000000000000000000000000000000000000000201092023000000000000200000000000000000                                                                                
0010001300028G 01033989458000047847098639949000000000158101012022607520000108CASTELO COMERCIO DE EQUIPAMENT30082023000000000478470000000000000000093168            0000000000000001020108202304627051800014600000000000000000000000000026022024 
0010001300029H 010000000000000000                                        000000000000000000000000000000000000000000000000101092023000000000047847000000000000000                                                                                
00100015         000031000000000014499906                                                                                                                                                                                                       
00199999         000001000033000000                                                                                                                                                            00000000000000000000000000000                    
