00100000         2462705180001460007532430126       0334800000001104950 SPAAL INDUSTRIA E COMERCIO LTDBANCO DO BRASIL                         22809202306310800109303000000201190761CBR438                                                      
0010001110300010 20462705180001460007532430126       0334800000001104950 SPAAL INDUSTRIA E COMERCIO LTD                                                                                                                                 00753243
0010001300001G 01341919516000037704215700046157307094510900002061352316000137REDIAM FERR DIAM LTDA ME      271020230000000003770420000000000000000931022/S3        0000000000000001022709202304627051800014600000000000000000000000000027102033 
0010001300002H 010000000000000000                                        000000000000000000000000000000000000000000000000128102023000000000007541000000000000000                                                                                
0010001300003G 01341949514000011650015700043716116343168460002003434306000144LARANJEIRAS MATERIAIS S LTDA  251020230000000001165000000000000000000912.848          0000000000000001032709202304627051800014600000000000000000000000000025102033 
0010001300004G 01341929545000011994411268680040312682569950002051938702000151AGEL ANEIS GAXETAS EQP LTDA   25112023000000000119944000000000000000091-34631         0000000000000001032609202304627051800014600000000000000000000000000025112033 
0010001300005G 01341929513000032586411268703415002100466370002061081758000196MELTING PROD MANUT IND LTDA   2410202300000000032586400000000000000009443437          0000000000000003022709202304627051800014600000000000000000000000000024102033 
0010001300006G 01341949519000042808010900037933008456271730002013425492000109ACTIVA F I D C MULTISSETORIAL 301020230000000004280800000000000000000923068           0000000000000001032509202304627051800014600000000000000000000000000030102033 
0010001300007H 012005411171000127SYSTEMBOR IND E COM DE ARTEFAT          000000000000000000000000000000000000000000000000131102023000000000008561000000000000000                                                                                
0010001300008G 01341919507000029440010900022638103551381080002060717899000190ELETRONICA SANTANA EIRELI     18102023000000000294400000000000000000090000076111      0000000000000003032009202304627051800014600000000000000000000000000018102033 
0010001300009G 01341919516000055745511268764035216085555020002027771613000189CONQUEST B F I E D CRED MULTI 271020230000000005574550000000000000000970936-001       0000000000000001032709202304627051800014600000000000000000000000000027102033 
0010001300010H 012004547319000192INTERNACIONAL RUBBER SEALS IND          000000000000000000000000000000000000000000000000128102023000000000011149000000000000000                                                                                
0010001300011G 01237959514000567559235090911000260820001109002020460014000103FLOWINVEST FIDC               2510202300000000567559200000000000000009165113001       0000000000000001022709202304627051800014600000000000000000000000000024122023 
0010001300012H 012071586952000187ARMCO DO BRASIL S A                     000000000000000000000000000000000000000000000000226102023000000000000200000000000000000                                                                                
00100015         000014000000000007894877                                                                                                                                                                                                       
00199999         000001000016000000                                                                                                                                                            00000000000000000000000000000                    
