00100000         2462705180001460007532430126       0334800000001104950 SPAAL INDUSTRIA E COMERCIO LTDBANCO DO BRASIL                         21708202306310600103303000000201190761CBR438                                                      
0010001110300010 20462705180001460007532430126       0334800000001104950 SPAAL INDUSTRIA E COMERCIO LTD                                                                                                                                 00753243
0010001300001G 01341979474000072269011260483893100763654510002044068211000131METALAC SPS IND E COM LTDA    1509202300000000072269000000000000000009306440          0000000000000001031108202304627051800014600000000000000000000000000015092033 
0010001300002G 01033919467000019371090277369000000006694001012046450551000158D365 FUNDO DE INVESTIMENTO EM 080920230000000001937100000000000000000900000008804-001 0000000000000001021608202304627051800014600000000000000000000000000006032024 
0010001300003H 010000000000000000                                        000000000000000000000000000000000000000000000000109092023000000000003874000000000000000                                                                                
0010001300004G 01033989497000019958190277369000000006696601012046450551000158D365 FUNDO DE INVESTIMENTO EM 081020230000000001995810000000000000000900000008806-001 0000000000000001021608202304627051800014600000000000000000000000000005042024 
0010001300005H 010000000000000000                                        000000000000000000000000000000000000000000000000109102023000000000003992000000000000000                                                                                
0010001300006G 01033939482000019371090277369000000006695801012046450551000158D365 FUNDO DE INVESTIMENTO EM 230920230000000001937100000000000000000900000008805-001 0000000000000001021608202304627051800014600000000000000000000000000021032024 
0010001300007H 010000000000000000                                        000000000000000000000000000000000000000000000000124092023000000000003874000000000000000                                                                                
0010001300008G 01341929457000005782015700044450401412390460002056601552000100EPOXIGLASS IND COM PR QUIM LT 290820230000000000578200000000000000000937033           0000000000000001021608202304627051800014600000000000000000000000000029082033 
0010001300009G 01341999454000007160710900028088985773321930002007799454000113CENOFISCO C DE C PROFISS LTDA 2608202300000000007160700000000000000009103031          0000000000000001031608202304627051800014600000000000000000000000000026082033 
0010001300010G 01341969505000001500010900021680076482490300002038894796000146FUNDACAO A P D C ADOLESCENTE  16102023000000000015000000000000000000090000083550      0000000000000001990308202304627051800014600000000000000000000000000016102033 
0010001300011G 01033969479000017860093241939000000005520401012058289521000190FRAGON P I DE BORRACHAS LTDA  2009202300000000017860000000000000000009253560 1        0000000000000001021608202304627051800014600000000000000000000000010718032024 
0010001300012H 010000000000000000                                        000000000000000000000000000000000000000000000000122092023000000000003572000000000000000                                                                                
0010001300013G 01237919451000006789018400900520020348009146302035001210000189TS HOST SERVICOS DE INTERNET L23082023000000000067890000000000000000090520020348      0000000000000001321608202304627051800014600000000000000000000000000023082023 
0010001300014G 01033919460000061547090847488000003755797101012044914992000138RODONAVES TRANSPORTES E ENCOME010920230000000006154700000000000000000923A00514654201  0000000000000001021608202304627051800014600000000000000000000000000030102023 
0010001300015H 010000000000000000                                        000000000000000000000000000000000000000000000000102092023000000000012310000000000000000                                                                                
0010001300016G 01033969470000004317390028475000000127184901012004935166000150M SAM DISTRIBUIDORA DE PECAS L1109202300000000004317300000000000000009571943/A        0000000000000001021408202304627051800014600000000000000000000000010509032024 
00100015         000018000000000002359251                                                                                                                                                                                                       
00199999         000001000020000000                                                                                                                                                            00000000000000000000000000000                    
