00100000         2462705180001460007532430126       0334800000001104950 SPAAL INDUSTRIA E COMERCIO LTDBANCO DO BRASIL                         20109202306315600105603000000201190761CBR438                                                      
0010001110300010 20462705180001460007532430126       0334800000001104950 SPAAL INDUSTRIA E COMERCIO LTD                                                                                                                                 00753243
0010001300001G 01001949498000007774006236713384191400004400112043283811000150KALUNGA SA                    09102023000000000077740000000000000000099500120701      0000000000000001153108202304627051800014600000000000000000000000000009102023 
0010001300002H 010000000000000000                                        000000000000000000000000000000000000000000000000209102023000000000000200000000000000000                                                                                
0010001300003G 01001999487000040544306236772318336900001379312002275654000153GRAFICA SUPREMA EMBALAGENS LTD2809202300000000040544300000000000000009 57662   1      0000000000000003153108202304627051800014600000000000000000000000020528092023 
0010001300004G 01001999502000040532106236772319336900001379312002275654000153GRAFICA SUPREMA EMBALAGENS LTD1310202300000000040532100000000000000009 57662   2      0000000000000003153108202304627051800014600000000000000000000000020513102023 
0010001300005G 01001989517000040532106236772320336900001379312002275654000153GRAFICA SUPREMA EMBALAGENS LTD2810202300000000040532100000000000000009 57662   3      0000000000000003153108202304627051800014600000000000000000000000020528102023 
0010001300006G 01001989517000057735606236764175336900050555312050748748000145CARTONAGEM JAUENSE LTDA       2810202300000000057735600000000000000009115424   3      0000000000000003153108202304627051800014600000000000000000000000020528102023 
0010001300007G 01001949486000006420000000025929106236716406112057120636000194FERREIRA ALVES E SILVEIRA PROD27092023000000000064200000000000000000099723            0000000000000001153108202304627051800014600000000000000000000000000027092023 
0010001300008G 0100194948700005111850000002243782000002022617201332840900018313A INFORMATICA E MATERIAL DE 280920230000000005111850000000000000000900157277-A      0000000000000001153108202304627051800014600000000000000000000000000028092023 
00100015         000010000000000002446566                                                                                                                                                                                                       
00199999         000001000012000000                                                                                                                                                            00000000000000000000000000000                    
