00100000         2462705180001460007532430126       0334800000001104950 SPAAL INDUSTRIA E COMERCIO LTDBANCO DO BRASIL                         23108202306311100105503000000201190761CBR438                                                      
0010001110300010 20462705180001460007532430126       0334800000001104950 SPAAL INDUSTRIA E COMERCIO LTD                                                                                                                                 00753243
0010001300001G 01341959492000008321211263277913100928116290002007834343000109BUSINESS BANK FOM MERC LTDA   031020230000000000832120000000000000000922988           0000000000000001032908202304627051800014600000000000000000000000000003102033 
0010001300002H 012005411171000127SYSTEMBOR IND E COM DE ARTEF D          000000000000000000000000000000000000000000000000300000000000000000000000000000000000000                                                                                
0010001300003G 01341989486000027758110900028739329384878120002022518066000100MONFIZA COM E IMP LTDA        27092023000000000277581000000000000000096207.1          0000000000000001032808202304627051800014600000000000000000000000000027092033 
0010001300004H 010000000000000000                                        000000000000000000000000000000000000000000000000128092023000000000005551000000000000000                                                                                
0010001300005G 01341959501000027760010900028740129384878120002022518066000100MONFIZA COM E IMP LTDA        12102023000000000277600000000000000000096207.2          0000000000000001032808202304627051800014600000000000000000000000000012102033 
0010001300006H 010000000000000000                                        000000000000000000000000000000000000000000000000113102023000000000005552000000000000000                                                                                
0010001300007G 01341999516000027760010900028741929384878120002022518066000100MONFIZA COM E IMP LTDA        27102023000000000277600000000000000000096207.3          0000000000000001032808202304627051800014600000000000000000000000000027102033 
0010001300008H 010000000000000000                                        000000000000000000000000000000000000000000000000128102023000000000005552000000000000000                                                                                
0010001300009G 01341929477000006716210955294813284934753160002029035398000183CONSIGAZ CILINDROS LTDA       18092023000000000067162000000000000000090151459         0000000000000001992908202304627051800014600000000000000000000000000018092033 
0010001300010H 010000000000000000                                        000000000000000000000000000000000000000000000000119092023000000000001343000000000000000                                                                                
0010001300011G 01033999491000016021890379747000000000003601042062555248000176WILTON IND E COM LTDA         021020230000000001602180000000000000000918356 01        0000000000000001023008202304627051800014600000000000000000000000000031102023 
0010001300012G 01033989474000005400290150739000000294128701012017160849000478AURUM SOFTMATIC LTDA          15092023000000000054002000000000000000090000017249M0923 0000000000000001043008202304627051800014600000000000000000000000000014122023 
0010001300013H 010000000000000000                                        000000000000000000000000000000000000000000000000116092023000000000001080000000000000000                                                                                
0010001300014G 01341919516000048625411263362462502026366500002050748748000145CARTONAGEM JAUENSE LTDA       2710202300000000048625400000000000000009115367   3      0000000000000003022608202304627051800014600000000000000000000000000027102033 
0010001300015G 01341939501000048625411263362461702026366500002050748748000145CARTONAGEM JAUENSE LTDA       1210202300000000048625400000000000000009115367   2      0000000000000003022608202304627051800014600000000000000000000000000012102033 
0010001300016G 01341959486000048639911263362460902026366500002050748748000145CARTONAGEM JAUENSE LTDA       2709202300000000048639900000000000000009115367   1      0000000000000003022608202304627051800014600000000000000000000000000027092033 
00100015         000018000000000002656282                                                                                                                                                                                                       
00199999         000001000020000000                                                                                                                                                            00000000000000000000000000000                    
