00100000         2462705180001460007532430126       0334800000001104950 SPAAL INDUSTRIA E COMERCIO LTDBANCO DO BRASIL                         22508202306310700104603000000201190761CBR438                                                      
0010001110300010 20462705180001460007532430126       0334800000001104950 SPAAL INDUSTRIA E COMERCIO LTD                                                                                                                                 00753243
0010001300001G 01001919460000003960600000031940980002840536172060498417000158SAO PAULO TRANSPORTE SA       0109202300000000003960600000000000000009136677905       0000000000000001152408202304627051800014600000000000000000000000000001092023 
0010001300002H 012000000000000000                                        000000000000000000000000000000000000000000000000000000000000000000000000000000000000000                                                                                
0010001300003G 01001969472000003796006236295612191400004400112043283811000150KALUNGA SA                    13092023000000000037960000000000000000099500502701      0000000000000001152408202304627051800014600000000000000000000000000013092023 
0010001300004H 010000000000000000                                        000000000000000000000000000000000000000000000000213092023000000000000200000000000000000                                                                                
0010001300005G 01001959480000009200000000032676840000042969172029258478000106LITORAL ROLAMENTOS E ACESSORIO21092023000000000092000000000000000000091004133/01      0000000000000001152408202304627051800014600000000000000000000000000021092023 
0010001300006H 010000000000000000                                        000000000000000000000000000000000000000000000000221092023000000000000200000000000000000                                                                                
00100015         000008000000000000169566                                                                                                                                                                                                       
00199999         000001000010000000                                                                                                                                                            00000000000000000000000000000                    
