00100000         2462705180001460007532430126       0334800000001104950 SPAAL INDUSTRIA E COMERCIO LTDBANCO DO BRASIL                         20909202306305600106703000000201190761CBR438                                                      
0010001110300010 20462705180001460007532430126       0334800000001104950 SPAAL INDUSTRIA E COMERCIO LTD                                                                                                                                 00753243
0010001300001G 01001949526000029940006237187734191400004400112043283811000150KALUNGA SA                    06112023000000000299400000000000000000099500608001      0000000000000001150809202304627051800014600000000000000000000000000006112023 
0010001300002H 010000000000000000                                        000000000000000000000000000000000000000000000000206112023000000000000200000000000000000                                                                                
0010001300003G 01001989493000046696106237210384332200204136312062014030000104IMPORTADORA DE ROLAMENTOS RADI04102023000000000466961000000000000000090175728301      0000000000000003150809202304627051800014600000000000000000000000020304102023 
0010001300004G 01001949492000085725000000035709260010000023172039145656000138POLITECH CONFECCAO SERVICOS E 0310202300000000085725000000000000000009123/1           0000000000000001150809202304627051800014600000000000000000000000000003102023 
0010001300005H 010000000000000000                                        000000000000000000000000000000000000000000000000203102023000000000000200000000000000000                                                                                
00100015         000007000000000001623611                                                                                                                                                                                                       
00199999         000001000009000000                                                                                                                                                            00000000000000000000000000000                    
