00100000         2462705180001460007532430126       0334800000001104950 SPAAL INDUSTRIA E COMERCIO LTDBANCO DO BRASIL                         22909202306311200109503000000201190761CBR438                                                      
0010001110300010 20462705180001460007532430126       0334800000001104950 SPAAL INDUSTRIA E COMERCIO LTD                                                                                                                                 00753243
0010001300001G 01237919515000024499114510900000021231003605502042580318000139VNF FACTORING MERCANTIL DE NEG26102023000000000244991000000000000000092123-1          0000000000000001022809202304627051800014600000000000000000000000000025122023 
0010001300002H 012041575733000131QPLAST IND E COM EMB PLAST EIRELI       000000000000000000000000000000000000000000000000300000000000000000000000000000000000000                                                                                
0010001300003G 01237979522000024499114510900000021232003605502042580318000139VNF FACTORING MERCANTIL DE NEG02112023000000000244991000000000000000092123-2          0000000000000001022809202304627051800014600000000000000000000000000001012024 
0010001300004H 012041575733000131QPLAST IND E COM EMB PLAST EIRELI       000000000000000000000000000000000000000000000000300000000000000000000000000000000000000                                                                                
0010001300005G 01237939529000024499114510900000021233003605502042580318000139VNF FACTORING MERCANTIL DE NEG09112023000000000244991000000000000000092123-3          0000000000000001022809202304627051800014600000000000000000000000000008012024 
0010001300006H 012041575733000131QPLAST IND E COM EMB PLAST EIRELI       000000000000000000000000000000000000000000000000300000000000000000000000000000000000000                                                                                
0010001300007G 01341919525000078166010900041890300693430280002053561619000131COMERCIAL ORLANDI LTDA        051120230000000007816600000000000000000925796C          0000000000000001030609202304627051800014600000000000000000000000000005112033 
0010001300008G 01341949514000010557311268902081915720874580002058958893000162BASILE QUIMICA IND COM LTDA   2510202300000000010557300000000000000009155618 1        0000000000000003032709202304627051800014600000000000000000000000000025102033 
0010001300009G 01033959521000055392293241939000000007129301012058289521000190FRAGON P I DE BORRACHAS LTDA  0111202300000000055392200000000000000009255283 1        0000000000000001022709202304627051800014600000000000000000000000010829042024 
0010001300010H 010000000000000000                                        000000000000000000000000000000000000000000000000103112023000000000011078000000000000000                                                                                
0010001300011G 01237969509000006947400900932710000104000405302010636869000180LANDOFER COMERCIAL LTDA EPP   201020230000000000694740000000000000000938672           0000000000000001022809202304627051800014600000000000000000000000000019122023 
0010001300012G 01033989504000005400290150739000000312285901012017160849000478AURUM SOFTMATIC LTDA          15102023000000000054002000000000000000090000017249M1023 0000000000000001042809202304627051800014600000000000000000000000000013012024 
0010001300013H 010000000000000000                                        000000000000000000000000000000000000000000000000116102023000000000001080000000000000000                                                                                
0010001300014G 01341979520000060670910900576525201379344020002009328663000104GRUPO GONCALVES DIAS S A      311020230000000006067090000000000000000907048492        0000000000000001032609202304627051800014600000000000000000000000000031102033 
0010001300015G 01341989513000064614410900576524501379344020002009328663000104GRUPO GONCALVES DIAS S A      241020230000000006461440000000000000000907048491        0000000000000001032609202304627051800014600000000000000000000000000024102033 
0010001300016G 01341979514000001384510900019002016902057920002008225282000137ROCHA TOOLS C P S F G LTDA    2510202300000000001384500000000000000009562400001       0000000000000001032709202304627051800014600000000000000000000000000025102033 
0010001300017G 01341939521000058177111268943367300763654510002044068211000131METALAC SPS IND E COM LTDA    0111202300000000058177100000000000000009309602          0000000000000001032709202304627051800014600000000000000000000000000001112033 
0010001300018G 01341939519000035657515700051079608440267080002061270641000150IND MECANICA LANGER LTDA      301020230000000003565750000000000000000934966           0000000000000001022809202304627051800014600000000000000000000000000030102033 
0010001300019G 01341999515000048639911268988939502026366500002050748748000145CARTONAGEM JAUENSE LTDA       2610202300000000048639900000000000000009116245   1      0000000000000003022609202304627051800014600000000000000000000000000026102033 
0010001300020G 01341939530000048625411268988940302026366500002050748748000145CARTONAGEM JAUENSE LTDA       1011202300000000048625400000000000000009116245   2      0000000000000003022609202304627051800014600000000000000000000000000010112033 
0010001300021G 01341919545000048625411268988941102026366500002050748748000145CARTONAGEM JAUENSE LTDA       2511202300000000048625400000000000000009116245   3      0000000000000003022609202304627051800014600000000000000000000000000025112033 
0010001300022G 01237919508000062528736830932710000015000022202089772065000169METALURGICA HASSMANN S.A.     19102023000000000625287000000000000000090481083 01      0000000000000001022109202304627051800014600000000000000000000000010518122023 
0010001300023G 01341999535000042590011269026459600364992340002053197141000102GS1 BRASIL ASS BRAS AUTOMACAO 15112023000000000425900000000000000000090001509211      0000000000000001022809202304627051800014600000000000000000000000000015112033 
0010001300024H 010000000000000000                                        000000000000000000000000000000000000000000000000116112023000000000042590000000000000000                                                                                
0010001300025G 01077969512000011710000011120153790010956959952018416025000136F.T. LUZ CONSULTORIA E TREINAM2310202300000000011710000000000000000009194             0000000000000001022809202304627051800014600000000000000000000000000023102023 
0010001300026H 012018416025000136F.T. LUZ CONSULTORIA E TREINAMENTO      000000000000000000000000000000000000000000000000300000000000000000000000000000000000000                                                                                
0010001300027G 01077919494000011710000011120153790010956938912018416025000136F.T. LUZ CONSULTORIA E TREINAM0510202300000000011710000000000000000009193             0000000000000001022809202304627051800014600000000000000000000000000005102023 
0010001300028H 012018416025000136F.T. LUZ CONSULTORIA E TREINAMENTO      000000000000000000000000000000000000000000000000300000000000000000000000000000000000000                                                                                
0010001300029G 01237969515000532553135090911000260939001109002020460014000103FLOWINVEST FIDC               2610202300000000532553100000000000000009165191001       0000000000000001022809202304627051800014600000000000000000000000000025122023 
0010001300030H 012071586952000187ARMCO DO BRASIL S A                     000000000000000000000000000000000000000000000000227102023000000000000200000000000000000                                                                                
0010001300031G 01237969523000011200036450932710000056000677302031024386000103GAVEA OPEN FIDC               031120230000000001120000000000000000000968845001        0000000000000001022809202304627051800014600000000000000000000000000002012024 
0010001300032H 012049493653000149PROQUITEC IND. PROD. QUIMICOS E REPR. CO000000000000000000000000000000000000000000000000204112023000000000000200000000000000000                                                                                
0010001300033G 01341929506000408369010900001761901504758870002025080393000111NOVITA ALIMENTACAO LTDA       1710202300000000408369000000000000000009000006382       0000000000000001022809202304627051800014600000000000000000000000000017102033 
0010001300034G 01745979507000011017631820643090210070116498252060619202000148MESSER GASES LTDA             18102023000000000110176000000000000000098643159001      0000000000000001032709202304627051800014600000000000000000000000000017122023 
00100015         000036000000000016880339                                                                                                                                                                                                       
00199999         000001000038000000                                                                                                                                                            00000000000000000000000000000                    
