00100000         2462705180001460007532430126       0334800000001104950 SPAAL INDUSTRIA E COMERCIO LTDBANCO DO BRASIL                         20609202306311300106303000000201190761CBR438                                                      
0010001110300010 20462705180001460007532430126       0334800000001104950 SPAAL INDUSTRIA E COMERCIO LTD                                                                                                                                 00753243
0010001300001G 01001919479000040384600000032443640000023328172061031126000118MGR INFORMATICA LTDA          2009202300000000040384600000000000000009                0000000000000001160509202304627051800014600000000000000000000000000020092023 
0010001300002H 012000000000000000                                        000000000000000000000000000000000000000000000000220092023000000000000200000000000000000                                                                                
0010001300003G 01001999473000014908600000015943380000880734172008848231000161ATUAL CARGAS TRANSPORTES LTDA 14092023000000000149086000000000000000090013601160      0000000000000001150509202304627051800014600000000000000000000000010614092023 
0010001300004H 010000000000000000                                        000000000000000000000000000000000000000000000000214092023000000000000200000000000000000                                                                                
0010001300005G 01001919473000001273400000015943380000880735172008848231000161ATUAL CARGAS TRANSPORTES LTDA 14092023000000000012734000000000000000090013601178      0000000000000001150509202304627051800014600000000000000000000000010614092023 
0010001300006H 010000000000000000                                        000000000000000000000000000000000000000000000000214092023000000000000200000000000000000                                                                                
00100015         000008000000000000565666                                                                                                                                                                                                       
00199999         000001000010000000                                                                                                                                                            00000000000000000000000000000                    
