00100000         2462705180001460007532430126       0334800000001104950 SPAAL INDUSTRIA E COMERCIO LTDBANCO DO BRASIL                         22508202306310700104703000000201190761CBR438                                                      
0010001110300010 20462705180001460007532430126       0334800000001104950 SPAAL INDUSTRIA E COMERCIO LTD                                                                                                                                 00753243
0010001300001G 01341969481000007680015700042391705722181880002067677864000113HIRAKI COM E MAN.EMP.LTDA ME  22092023000000000076800000000000000000096167            0000000000000001992408202304627051800014600000000000000000000000000022092033 
0010001300002H 010000000000000000                                        000000000000000000000000000000000000000000000000123092023000000000007680000000000000000                                                                                
0010001300003G 01237999482000046500029710932360000002000819402014806785000107LINEA COMERCIO DE BRINDES LTDA23092023000000000465000000000000000000091854            0000000000000001022408202304627051800014600000000000000000000000000022112023 
0010001300004G 01341969465000068717815700040129916332465800002020467522000105SRX COMPANY COMERCIO E INSTRUM06092023000000000687178000000000000000092034/01         0000000000000001022408202304627051800014600000000000000000000000000006092033 
0010001300005H 010000000000000000                                        000000000000000000000000000000000000000000000000107092023000000000068718000000000000000                                                                                
0010001300006G 01341919472000068717915700040130716332465800002020467522000105SRX COMPANY COMERCIO E INSTRUM13092023000000000687179000000000000000092034/02         0000000000000001022408202304627051800014600000000000000000000000000013092033 
0010001300007H 010000000000000000                                        000000000000000000000000000000000000000000000000114092023000000000068718000000000000000                                                                                
0010001300008G 01341919485000160755811262219726000763654510002044068211000131METALAC SPS IND E COM LTDA    2609202300000000160755800000000000000009307090          0000000000000001032208202304627051800014600000000000000000000000000026092033 
0010001300009G 01341959477000035948310900009213507380121370002051961365000113BRONZE METAL IND E COM LTDA   180920230000000003594830000000000000000945899-1         0000000000000001032108202304627051800014600000000000000000000000000018092033 
0010001300010H 010000000000000000                                        000000000000000000000000000000000000000000000000120092023000000000007189000000000000000                                                                                
0010001300011G 01341979479000017796011262239667231505350490002049307267000115DELQUIMICA COMERCIAL LTDA     2009202300000000017796000000000000000009124033-01       0000000000000001032308202304627051800014600000000000000000000000000020092033 
0010001300012G 01237999474000017067522290913322947717000117602057575524000128REPANOL LAVANDERIA IND LTDA   15092023000000000170675000000000000000090029495         0000000000000001021708202304627051800014600000000000000000000000000014112023 
0010001300013G 01341929457000007810015600042654927591374210002013400671000191COMERC E IND METAL RUBBER AUT 2908202300000000007810000000000000000009008107          0000000000000001022408202304627051800014600000000000000000000000000029082033 
0010001300014H 010000000000000000                                        000000000000000000000000000000000000000000000000130082023000000000002343000000000000000                                                                                
0010001300015G 01341969482000036225015700040942311924114920002061409215000155SAPOPEMBA IND COM DE EMB LTDA 230920230000000003622500000000000000000961652           0000000000000001022408202304627051800014600000000000000000000000000023092033 
0010001300016G 01341919481000009700010900454605115361909840002000565813000129ANHANGUERA COM DE FERR LTDA   22092023000000000097000000000000000000091034254-1       0000000000000001032308202304627051800014600000000000000000000000000022092033 
0010001300017H 010000000000000000                                        000000000000000000000000000000000000000000000000123092023000000000001940000000000000000                                                                                
0010001300018G 01237919470000018602541501932360000031005272602061288353000123VEDABRAS                      11092023000000000186025000000000000000090000643254      0000000000000001021508202304627051800014600000000000000000000000010510112023 
0010001300019H 012061288353000123RETENTORES VEDABRAS IND. E COM. LTDA    000000000000000000000000000000000000000000000000212092023000000000000200000000000000000                                                                                
0010001300020G 01033939485000009837990132972000000817690601042067335034000108SF COMERCIO DE PAPEIS - EIRELI260920230000000000983790000000000000000900018642        0000000000000001022308202304627051800014600000000000000000000000010124032024 
0010001300021G 01033969466000034527394694775000000950452601012010467440000107DBM - CARGO LOGISTICA E TRANSP070920230000000003452730000000000000000900849 23        0000000000000001042408202304627051800014600000000000000000000000000005032024 
0010001300022G 01033979478000009837990132972000000817689201042067335034000108SF COMERCIO DE PAPEIS - EIRELI190920230000000000983790000000000000000900018642        0000000000000001022308202304627051800014600000000000000000000000010117032024 
0010001300023G 01341989465000002500010900134544501745396010002046220369000291D-SAAS TECN DESENV SOFTWARE LT0609202300000000002500000000000000000009                0000000000000001022408202304627051800014600000000000000000000000000006092033 
00100015         000025000000000005522239                                                                                                                                                                                                       
00199999         000001000027000000                                                                                                                                                            00000000000000000000000000000                    
