00100000         2462705180001460007532430126       0334800000001104950 SPAAL INDUSTRIA E COMERCIO LTDBANCO DO BRASIL                         22107202306310700099703000000201190761CBR438                                                      
0010001110300010 20462705180001460007532430126       0334800000001104950 SPAAL INDUSTRIA E COMERCIO LTD                                                                                                                                 00753243
0010001300001G 01341919432000170349910901438037933922650090002001178287000107VIA NOVA SERVICOS LTDA        0408202300000000170349900000000000000009                0000000000000001322007202304627051800014600000000000000000000000000004082023 
0010001300002G 01237929449000082056002720932010000001015222502013310799000164FAST BUSINESS SERVICOS ESPECIA210820230000000008205600000000000000000922789           0000000000000001021107202304627051800014600000000000000000000000010520102023 
0010001300003H 012005411171000127SYSTEMBOR IND E COM DE ARTEF DE BORRACHA000000000000000000000000000000000000000000000000222082023000000000000300000000000000000                                                                                
0010001300004G 01033979421000003827294221214000003093701901012007580559000268JTP TRANSPORTES  SERVICOS  GER24072023000000000038272000000000000000090               0000000000000001992007202304627051800014600000000000000000000000000022092023 
0010001300005G 01237919432000002049033902600000850681000784102048748230000160B B TRANSPORTE E TURISMO LTDA 0408202300000000002049000000000000000009193101          0000000000000001172007202304627051800014600000000000000000000000000003102023 
0010001300006G 01341959437000003330010920205535407384326160002059683094000193PREVISAO INDUSTRIA C P LTDA   0908202300000000003330000000000000000009037151          0000000000000001031907202304627051800014600000000000000000000000000009082033 
0010001300007G 01033919445000004130090184011000000000002401012054945746000105ELETRODIESEL COMERCIAL LTDA   170820230000000000413000000000000000000925638           0000000000000001022007202304627051800014600000000000000000000000000015092023 
0010001300008H 012054945746000105ELETRODIESEL COMERCIAL LTDA             000000000000000000000000000000000000000000000000119082023000000000004130000000000000000                                                                                
0010001300009G 01341989442000057558810900562892201379344020002009328663000104GRUPO GONCALVES DIAS S A      140820230000000005755880000000000000000906933761        0000000000000001031707202304627051800014600000000000000000000000000014082033 
0010001300010G 01341959450000030396010900013298900563517780002052211752000103POLISIL INDUSTRIA C S LTDA    22082023000000000303960000000000000000090007159701      0000000000000003032007202304627051800014600000000000000000000000000022082033 
0010001300011G 01341979441000042369211255429865672432301460002049934250001321INOX TECH C A INOXIDAVEIS LTDA1308202300000000042369200000000000000009649217 1        0000000000000001031407202304627051800014600000000000000000000000000013082033 
0010001300012G 01341989456000039783211255429866472432301460002049934250001321INOX TECH C A INOXIDAVEIS LTDA2808202300000000039783200000000000000009649217 2        0000000000000001031407202304627051800014600000000000000000000000000028082033 
0010001300013G 01341999446001458419811255465244900782970740002004189559000162WOLVERINE T LAM AND COMP LTDA 18082023000000014584198000000000000000090000803101      0000000000000001030407202304627051800014600000000000000000000000000018082033 
0010001300014G 01237919441000150166833920232010000360000169202036499124000100EMPOLI ATIVIDADES DE COBRANCA 13082023000000001501668000000000000000090003636120      0000000000000003022906202304627051800014600000000000000000000000010212102023 
0010001300015H 012054800768000179SHOCK METAIS NAO FERROSOS LTDA          000000000000000000000000000000000000000000000000300000000000000000000000000000000000000                                                                                
0010001300016G 01341919432000027673710900025753401371539610002000385747000105FAGOR AUT BR IMP EXPORT LTDA  04082023000000000276737000000000000000090003577201      0000000000000001032007202304627051800014600000000000000000000000000004082033 
0010001300017H 010000000000000000                                        000000000000000000000000000000000000000000000000106082023000000000005535000000000000000                                                                                
0010001300018G 01745939445000005015931000471600146654104279962000676486000182FEDERAL EXPRESS CORP          17082023000000000050159000000000000000090541042799      0000000000000001031807202304627051800014600000000000000000000000000015112023 
0010001300019H 010000000000000000                                        000000000000000000000000000000000000000000000000218082023000000000000200000000000000000                                                                                
0010001300020G 01033919447000019600091446347006600015368501042054766498000127MICROXCOLOR IND COM LTDA      1908202300000000019600000000000000000009054683          0000000000000001022007202304627051800014600000000000000000000000010615022024 
0010001300021G 01033919446000036449598639949000000000154301012022607520000108CASTELO COMERCIO DE EQUIPAMENT18082023000000000364495000000000000000093130            0000000000000001022007202304627051800014600000000000000000000000000014022024 
0010001300022H 010000000000000000                                        000000000000000000000000000000000000000000000000120082023000000000036450000000000000000                                                                                
00100015         000024000000000021331750                                                                                                                                                                                                       
00199999         000001000026000000                                                                                                                                                            00000000000000000000000000000                    
