00100000         2462705180001460007532430126       0334800000001104950 SPAAL INDUSTRIA E COMERCIO LTDBANCO DO BRASIL                         23108202306311100105403000000201190761CBR438                                                      
0010001110300010 20462705180001460007532430126       0334800000001104950 SPAAL INDUSTRIA E COMERCIO LTD                                                                                                                                 00753243
0010001300001G 01001989484000007430906236690486151100005538112060692944000107SCREEN MATERIAIS SERIGRAFICOS 2509202300000000007430900000000000000009000005484       0000000000000001163008202304627051800014600000000000000000000000010625092023 
00100015         000003000000000000074309                                                                                                                                                                                                       
00199999         000001000005000000                                                                                                                                                            00000000000000000000000000000                    
