00100000         2462705180001460007532430126       0334800000001104950 SPAAL INDUSTRIA E COMERCIO LTDBANCO DO BRASIL                         21907202306310800099203000000201190761CBR438                                                      
0010001110300010 20462705180001460007532430126       0334800000001104950 SPAAL INDUSTRIA E COMERCIO LTD                                                                                                                                 00753243
0010001300001G 01237919435000010863000900931990000080000405302010636869000180LANDOFER COMERCIAL LTDA EPP   070820230000000001086300000000000000000937198           0000000000000001021807202304627051800014600000000000000000000000000006102023 
0010001300002G 01341919442000072904511254884877232185638500002000516828000105R D I I EXPORTADORA LTDA      14082023000000000729045000000000000000090063043         0000000000000001031307202304627051800014600000000000000000000000000014082033 
0010001300003G 01274929419000021805000010150000000266811392502023517793000116BETAMAG SOLUCOES MAGNETICAS E 22072023000000000218050000000000000000092147/B          0000000000000001021807202304627051800014600000000000000000000000000020102023 
0010001300004H 010000000000000000                                        000000000000000000000000000000000000000000000000123072023000000000004361000000000000000                                                                                
0010001300005G 01104949443000018144098560560001000400028709932058842410000160TERNEC LUBRIFICANTES LTDA     1508202300000000018144000000000000000009072310U         0000000000000001021807202304627051800014600000000000000000000000010522082023 
0010001300006H 010000000000000000                                        000000000000000000000000000000000000000000000000116082023000000000003629000000000000000                                                                                
0010001300007G 01341919437000002976810900064163705685846840002003114171000130BORFER FERRAGENS FERRAMENTA LT0908202300000000002976800000000000000009133890/1        0000000000000001031207202304627051800014600000000000000000000000000009082033 
0010001300008H 010000000000000000                                        000000000000000000000000000000000000000000000000111082023000000000000595000000000000000                                                                                
00100015         000010000000000001266933                                                                                                                                                                                                       
00199999         000001000012000000                                                                                                                                                            00000000000000000000000000000                    
