00100000         2462705180001460007532430126       0334800000001104950 SPAAL INDUSTRIA E COMERCIO LTDBANCO DO BRASIL                         21507202306311400098803000000201190761CBR438                                                      
0010001110300010 20462705180001460007532430126       0334800000001104950 SPAAL INDUSTRIA E COMERCIO LTD                                                                                                                                 00753243
0010001300001G 01341919438000020289410940533297710112509070002001771935000215INGRAM MICRO BRASIL LTDA      1008202300000000020289400000000000000009800375608       0000000000000001031307202304627051800014600000000000000000000000000010082033 
0010001300002G 01422919446000067085070270000581721196692401022017940426000128RUBBER SOUL BORRACHAS INDUSTR 180820230000000006708500000000000000000931659           0000000000000001021407202304627051800014600000000000000000000000000016112023 
0010001300003G 01341919430000388492015700000549801504758870002025080393000111NOVITA ALIMENTACAO LTDA       0208202300000000388492000000000000000009000005574       0000000000000001031407202304627051800014600000000000000000000000000002082033 
0010001300004G 01033949425000014318590148654000000000086501012027362602000145TOP SERVICOS E TRANSPORTES LTD2807202300000000014318500000000000000009FAT 1158        0000000000000001051307202304627051800014600000000000000000000000000004082023 
0010001300005H 010000000000000000                                        000000000000000000000000000000000000000000000000103082023000000000002864000000000000000                                                                                
0010001300006G 01341919464000017627711254458190602021228340002002275654000153GRAFICA SUPREMA EMB LTDA      050920230000000001762770000000000000000956788   3       0000000000000003020707202304627051800014600000000000000000000000000005092033 
0010001300007G 01341989463000117308611254456497702026366500002050748748000145CARTONAGEM JAUENSE LTDA       0409202300000000117308600000000000000009113706   3      0000000000000003020607202304627051800014600000000000000000000000000004092033 
0010001300008G 01341919435000034140015700044257771531566460002026455466000175CORTACO COM DE ACO E CONEXOES 070820230000000003414000000000000000000910343-A         0000000000000001021407202304627051800014600000000000000000000000000007082033 
0010001300009H 010000000000000000                                        000000000000000000000000000000000000000000000000108082023000000000001127000000000000000                                                                                
0010001300010G 01237959441000035850033910900000671280000696302026690689000117CONTINENTALBANCO NP FIDC.     1308202300000000035850000000000000000009016143 001      0000000000000001021407202304627051800014600000000000000000000000000012102023 
0010001300011H 012016733328000157PBG IND E COM DE COMP PARA FERRAMENTARIA000000000000000000000000000000000000000000000000214082023000000000000200000000000000000                                                                                
0010001300012G 01237919439000266389004960931950000020040781602017198452000122REAL TIME FIDC PADRONIZADO    1108202300000000266389000000000000000009159941 001      0000000000000001021407202304627051800014600000000000000000000000000010102023 
0010001300013H 012071586952000187ARMCO DO BRASIL S A                     000000000000000000000000000000000000000000000000212082023000000000000200000000000000000                                                                                
0010001300014G 01745999438000002266431801115470170000997668252000910509001305THOMSON REUTERS BRAS          10082023000000000022664000000000000000090002706251      0000000000000001031307202304627051800014600000000000000000000000000008112023 
00100015         000016000000000009637666                                                                                                                                                                                                       
00199999         000001000018000000                                                                                                                                                            00000000000000000000000000000                    
