00100000         2462705180001460007532430126       0334800000001104950 SPAAL INDUSTRIA E COMERCIO LTDBANCO DO BRASIL                         21407202306305900098603000000201190761CBR438                                                      
0010001110300010 20462705180001460007532430126       0334800000001104950 SPAAL INDUSTRIA E COMERCIO LTD                                                                                                                                 00753243
0010001300001G 01237919468000190051401410931940000002002733002076112374000322JUNTAS UNIVERSAL              090920230000000019005140000000000000000961662 1         0000000000000001021307202304627051800014600000000000000000000000010508112023 
0010001300002H 010000000000000000                                        000000000000000000000000000000000000000000000000210092023000000000000200000000000000000                                                                                
0010001300003G 01237949468000023468101410931940000004002733002076112374000322JUNTAS UNIVERSAL              090920230000000002346810000000000000000961663 1         0000000000000001021307202304627051800014600000000000000000000000010508112023 
0010001300004H 010000000000000000                                        000000000000000000000000000000000000000000000000210092023000000000000200000000000000000                                                                                
0010001300005G 01341979442000571977511254106874100763654510002044068211000131METALAC SPS IND E COM LTDA    1408202300000000571977500000000000000009304442          0000000000000001031007202304627051800014600000000000000000000000000014082033 
0010001300006G 01341919445000113600015700000091316349986010002041342781000180MECAN PARTS COMERCIO DE PECAS 1708202300000000113600000000000000000009125             0000000000000001021307202304627051800014600000000000000000000000000017082033 
0010001300007G 01341939422000067553810900954231400042865890002047680798000123ADP BRASIL LTDA               2507202300000000067553800000000000000009001359151       0000000000000001051107202304627051800014600000000000000000000000000025072033 
0010001300008H 010000000000000000                                        000000000000000000000000000000000000000000000000126072023000000000013511000000000000000                                                                                
0010001300009G 01341969422000067553810900954234800042865890002047680798000123ADP BRASIL LTDA               2507202300000000067553800000000000000009001359154       0000000000000001051107202304627051800014600000000000000000000000000025072033 
0010001300010H 010000000000000000                                        000000000000000000000000000000000000000000000000126072023000000000013511000000000000000                                                                                
0010001300011G 01341919422000067934710900954236300042865890002047680798000123ADP BRASIL LTDA               2507202300000000067934700000000000000009001359156       0000000000000001051107202304627051800014600000000000000000000000000025072033 
0010001300012H 010000000000000000                                        000000000000000000000000000000000000000000000000126072023000000000013587000000000000000                                                                                
0010001300013G 01237929436000002151504491913063172971004490002054651716000188SUPRICORP SUPRIMENTOS LTDA    0808202300000000002151500000000000000009006317297       0000000000000001021207202304627051800014600000000000000000000000000007102023 
0010001300014G 01745979439000033909933141146630180800007377102068993641000128AGIS EQUIPAMENTOS E           11082023000000000339099000000000000000090382055 01      0000000000000003031207202304627051800014600000000000000000000000011007022024 
0010001300015H 010000000000000000                                        000000000000000000000000000000000000000000000000212082023000000000000300000000000000000                                                                                
00100015         000017000000000011382007                                                                                                                                                                                                       
00199999         000001000019000000                                                                                                                                                            00000000000000000000000000000                    
