00100000         2462705180001460007532430126       0334800000001104950 SPAAL INDUSTRIA E COMERCIO LTDBANCO DO BRASIL                         22909202306311200109403000000201190761CBR438                                                      
0010001110300010 20462705180001460007532430126       0334800000001104950 SPAAL INDUSTRIA E COMERCIO LTD                                                                                                                                 00753243
0010001300001G 01001969516000020700006238350515119800050504112054766498000127MICROXCOLOR INDUSTRIA E COMERC2710202300000000020700000000000000000009055683          0000000000000001152809202304627051800014600000000000000000000000020527102023 
0010001300002G 01001939516000022980006238321836191400004400112043283811000150KALUNGA SA                    27102023000000000229800000000000000000099500438201      0000000000000001152809202304627051800014600000000000000000000000000027102023 
0010001300003H 010000000000000000                                        000000000000000000000000000000000000000000000000227102023000000000000200000000000000000                                                                                
0010001300004G 01001959547000022980006238321837191400004400112043283811000150KALUNGA SA                    27112023000000000229800000000000000000099500438202      0000000000000001152809202304627051800014600000000000000000000000000027112023 
0010001300005H 010000000000000000                                        000000000000000000000000000000000000000000000000227112023000000000000200000000000000000                                                                                
00100015         000007000000000000666600                                                                                                                                                                                                       
00199999         000001000009000000                                                                                                                                                            00000000000000000000000000000                    
