00100000         2462705180001460007532430126       0334800000001104950 SPAAL INDUSTRIA E COMERCIO LTDBANCO DO BRASIL                         21909202306313900107903000000201190761CBR438                                                      
0010001110300010 20462705180001460007532430126       0334800000001104950 SPAAL INDUSTRIA E COMERCIO LTD                                                                                                                                 00753243
0010001300001G 01756989499000009280014379010978841000146580012009222804000100NAGAMURA E MARQUES FERRAMENTAS10102023000000000092800000000000000000091704            0000000000000001021809202304627051800014600000000000000000000000011006042024 
0010001300002H 010000000000000000                                        000000000000000000000000000000000000000000000000211102023000000000000300000000000000000                                                                                
0010001300003G 01341999509000050855411266512024500763654510002044068211000131METALAC SPS IND E COM LTDA    2010202300000000050855400000000000000009308763          0000000000000001031509202304627051800014600000000000000000000000000020102033 
0010001300004G 01341929508000919434911266408291700763654510002044068211000131METALAC SPS IND E COM LTDA    1910202300000000919434900000000000000009308693          0000000000000001031409202304627051800014600000000000000000000000000019102033 
0010001300005G 01237929480000006789018400900530254821009146302035001210000189TS HOST SERVICOS DE INTERNET L21092023000000000067890000000000000000090530254821      0000000000000001321709202304627051800014600000000000000000000000000021092023 
0010001300006G 01033989479000665303290324614000000000000701012000409355000139SALMOS 27 LOGISTICA E TRANSPOR200920230000000066530320000000000000000902082023        0000000000000001021809202304627051800014600000000000000000000000000019102023 
0010001300007G 01341989491000146695511266459649448361711750002051708881000300ABR IND COM DE AU PECAS EIRELI02102023000000001466955000000000000000090018710/01      0000000000000001030409202304627051800014600000000000000000000000000002102033 
0010001300008G 01237949480000006075003132600000119539001503102043708379000100FAST SHOP                     2109202300000000006075000000000000000009000119539       0000000000000001011809202304627051800014600000000000000000000000000020112023 
0010001300009G 01655919479000002780000000008175007762426137002014796606000190ADYEN DO BRASIL INSTITUICAO DE20092023000000000027800000000000000000098V4JCCGGX3      0000000000000001021809202304627051800014600000000000000000000000000020092023 
0010001300010H 012060409075000152Nespresso                               000000000000000000000000000000000000000000000000300000000000000000000000000000000000000                                                                                
0010001300011G 01341979502000004520615600040537466451283610002066063892000188OXXION INFORMATICA LTDA ME    1310202300000000004520600000000000000009NS002455        0000000000000001041809202304627051800014600000000000000000000000000013102033 
0010001300012H 010000000000000000                                        000000000000000000000000000000000000000000000000114102023000000000000904000000000000000                                                                                
0010001300013G 01341969499000004000010900014337302532844000002005411215000119DM5 PRODUTOS ELETRICOS LTDA   1010202300000000004000000000000000000009046177          0000000000000001031209202304627051800014600000000000000000000000000010102033 
0010001300014G 01341999509000314935211266587771100191545090002062152335000182RICHARD KLINGER IND E COM LTDA20102023000000003149352000000000000000090006842901      0000000000000001021509202304627051800014600000000000000000000000000020102033 
0010001300015G 01341969509000047307111266587772900191545090002062152335000182RICHARD KLINGER IND E COM LTDA20102023000000000473071000000000000000090006843001      0000000000000001021509202304627051800014600000000000000000000000000020102033 
0010001300016G 01033999531000020536090277369000011157001801012046450551000158D365 FUNDO DE INVESTIMENTO EM 111120230000000002053600000000000000000900000011157-001 0000000000000001021809202304627051800014600000000000000000000000000009052024 
0010001300017H 010000000000000000                                        000000000000000000000000000000000000000000000000112112023000000000004107000000000000000                                                                                
0010001300018G 01033999516000019932090277369000011216001801012046450551000158D365 FUNDO DE INVESTIMENTO EM 271020230000000001993200000000000000000900000011216-001 0000000000000001021809202304627051800014600000000000000000000000000024042024 
0010001300019H 010000000000000000                                        000000000000000000000000000000000000000000000000128102023000000000003986000000000000000                                                                                
0010001300020G 01033999491000036823390847488000003842183601012044914992000138RODONAVES TRANSPORTES E ENCOME021020230000000003682330000000000000000923A00534499501  0000000000000001021609202304627051800014600000000000000000000000000030112023 
0010001300021H 010000000000000000                                        000000000000000000000000000000000000000000000000103102023000000000007365000000000000000                                                                                
0010001300022G 01033919501000019932090277369000011215001201012046450551000158D365 FUNDO DE INVESTIMENTO EM 121020230000000001993200000000000000000900000011215-001 0000000000000001021809202304627051800014600000000000000000000000000009042024 
0010001300023H 010000000000000000                                        000000000000000000000000000000000000000000000000113102023000000000003986000000000000000                                                                                
0010001300024G 01341939507000015254011266617309416085555020002027771613000189CONQUEST B F I E D CRED MULTI 181020230000000001525400000000000000000970884-001       0000000000000001031509202304627051800014600000000000000000000000000018102033 
0010001300025H 012004547319000192INTERNACIONAL RUBBER SEALS IND          000000000000000000000000000000000000000000000000119102023000000000003050000000000000000                                                                                
0010001300026G 01341999507000015254011266617311016085555020002027771613000189CONQUEST B F I E D CRED MULTI 181020230000000001525400000000000000000970883-001       0000000000000001031509202304627051800014600000000000000000000000000018102033 
0010001300027H 012004547319000192INTERNACIONAL RUBBER SEALS IND          000000000000000000000000000000000000000000000000119102023000000000003050000000000000000                                                                                
0010001300028G 01341929507000032822411266617312816085555020002027771613000189CONQUEST B F I E D CRED MULTI 181020230000000003282240000000000000000970882-001       0000000000000001031509202304627051800014600000000000000000000000000018102033 
0010001300029H 012004547319000192INTERNACIONAL RUBBER SEALS IND          000000000000000000000000000000000000000000000000119102023000000000006564000000000000000                                                                                
0010001300030G 01341999496000381290010900001718901504758870002025080393000111NOVITA ALIMENTACAO LTDA       0710202300000000381290000000000000000009000006271       0000000000000001021809202304627051800014600000000000000000000000000007102033 
0010001300031G 01341919501000077244811266645523672432301460002049934250001321INOX TECH C A INOXIDAVEIS LTDA1210202300000000077244800000000000000009660426 1        0000000000000001031209202304627051800014600000000000000000000000000012102033 
0010001300032G 01341929516000077244811266645621872432301460002049934250001321INOX TECH C A INOXIDAVEIS LTDA2710202300000000077244800000000000000009660426 2        0000000000000001031209202304627051800014600000000000000000000000000027102033 
0010001300033G 01341919531000077267911266645681272432301460002049934250001321INOX TECH C A INOXIDAVEIS LTDA1111202300000000077267900000000000000009660426 3        0000000000000001031209202304627051800014600000000000000000000000000011112033 
0010001300034G 01341949513000207755210900041728500693430280002053561619000131COMERCIAL ORLANDI LTDA        241020230000000020775520000000000000000925587D          0000000000000001031008202304627051800014600000000000000000000000000024102033 
0010001300035G 01033939512000023580091795317000000022132501012059160689000164LUCHETI LUBRIFICANTES LTDA    23102023000000000235800000000000000000090209980/1       0000000000000001021809202304627051800014600000000000000000000000010420042024 
0010001300036G 01341969498000021743015700000147069069962170002038210608000113LAB AUTOMACAO                 09102023000000000217430000000000000000091393            0000000000000001021809202304627051800014600000000000000000000000000009102033 
0010001300037H 010000000000000000                                        000000000000000000000000000000000000000000000000110102023000000000004349000000000000000                                                                                
0010001300038G 01237979505000035897904960932610000058039985002029492579000139REAL TIME FIDC NAO PADRONIZADO1610202300000000035897900000000000000009164336 001      0000000000000001021809202304627051800014600000000000000000000000000015122023 
0010001300039H 012071586952000187ARMCO DO BRASIL S.A.                    000000000000000000000000000000000000000000000000217102023000000000000200000000000000000                                                                                
0010001300040G 01237959505000056035804960932610000059039985002029492579000139REAL TIME FIDC NAO PADRONIZADO1610202300000000056035800000000000000009164333 001      0000000000000001021809202304627051800014600000000000000000000000000015122023 
0010001300041H 012071586952000187ARMCO DO BRASIL S.A.                    000000000000000000000000000000000000000000000000217102023000000000000200000000000000000                                                                                
0010001300042G 01237929502000083397004960932610000056039985002029492579000139REAL TIME FIDC NAO PADRONIZADO1310202300000000083397000000000000000009164286 001      0000000000000001021809202304627051800014600000000000000000000000000012122023 
0010001300043H 012071586952000187ARMCO DO BRASIL S.A.                    000000000000000000000000000000000000000000000000214102023000000000000200000000000000000                                                                                
00100015         000045000000000033799860                                                                                                                                                                                                       
00199999         000001000047000000                                                                                                                                                            00000000000000000000000000000                    
