00100000         2462705180001460007532430126       0334800000001104950 SPAAL INDUSTRIA E COMERCIO LTDBANCO DO BRASIL                         22608202306312000104803000000201190761CBR438                                                      
0010001110300010 20462705180001460007532430126       0334800000001104950 SPAAL INDUSTRIA E COMERCIO LTD                                                                                                                                 00753243
0010001300001G 01001989484000011893006236364193191400004400112043283811000150KALUNGA SA                    25092023000000000118930000000000000000099500619301      0000000000000001152508202304627051800014600000000000000000000000000025092023 
0010001300002H 010000000000000000                                        000000000000000000000000000000000000000000000000225092023000000000000200000000000000000                                                                                
0010001300003G 01001999480000043222806236430398336900001379312002275654000153GRAFICA SUPREMA EMBALAGENS LTD2109202300000000043222800000000000000009 57550   1      0000000000000003152508202304627051800014600000000000000000000000020521092023 
0010001300004G 01001919495000043209706236430399336900001379312002275654000153GRAFICA SUPREMA EMBALAGENS LTD0610202300000000043209700000000000000009 57550   2      0000000000000003152508202304627051800014600000000000000000000000020506102023 
00100015         000006000000000000983255                                                                                                                                                                                                       
00199999         000001000008000000                                                                                                                                                            00000000000000000000000000000                    
