00100000         2462705180001460007532430126       0334800000001104950 SPAAL INDUSTRIA E COMERCIO LTDBANCO DO BRASIL                         23009202306305900109603000000201190761CBR438                                                      
0010001110300010 20462705180001460007532430126       0334800000001104950 SPAAL INDUSTRIA E COMERCIO LTD                                                                                                                                 00753243
0010001300001G 01001999513000001848000000030012550000005976172014436504000163EKOLIMP DESCARTAVEIS LTDA ME  2410202300000000001848000000000000000009000492681       0000000000000001152909202304627051800014600000000000000000000000000024102023 
0010001300002H 010000000000000000                                        000000000000000000000000000000000000000000000000124102023000000000000370000000000000000                                                                                
00100015         000004000000000000018480                                                                                                                                                                                                       
00199999         000001000006000000                                                                                                                                                            00000000000000000000000000000                    
