00100000         2462705180001460007532430126       0334800000001104950 SPAAL INDUSTRIA E COMERCIO LTDBANCO DO BRASIL                         21608202306313300103103000000201190761CBR438                                                      
0010001110300010 20462705180001460007532430126       0334800000001104950 SPAAL INDUSTRIA E COMERCIO LTD                                                                                                                                 00753243
0010001300001G 01237919450000355391323720900006511218009900002061695227000193ELETROPAULO METROPOLITANA     22082023000000003553913000000000000000090042293864      0000000000000001991408202304627051800014600000000000000000000000000021082024 
0010001300002G 01341929470000126000015700040188915860834360002071767008000126PROEFER FERR USINAGEM LTDA    1109202300000000126000000000000000000009247             0000000000000001021508202304627051800014600000000000000000000000000011092033 
0010001300003H 010000000000000000                                        000000000000000000000000000000000000000000000000112092023000000000025200000000000000000                                                                                
0010001300004G 01341959477000018155411260201338800928116290002007834343000109BUSINESS BANK FOM MERC LTDA   180920230000000001815540000000000000000922931           0000000000000001031408202304627051800014600000000000000000000000000018092033 
0010001300005H 012005411171000127SYSTEMBOR IND E COM DE ARTEF D          000000000000000000000000000000000000000000000000300000000000000000000000000000000000000                                                                                
0010001300006G 01341969463000005373010954992524384934753160002029035398000183CONSIGAZ CILINDROS LTDA       04092023000000000053730000000000000000090003363         0000000000000001991408202304627051800014600000000000000000000000000004092033 
0010001300007H 010000000000000000                                        000000000000000000000000000000000000000000000000105092023000000000001074000000000000000                                                                                
0010001300008G 01341989470000035993510900020862502952901670002090629601000150INTERQUIMICA COM IND PROD Q LT11092023000000000359935000000000000000090000911-        0000000000000001030708202304627051800014600000000000000000000000000011092033 
0010001300009G 01237989477000076966402720932270000002015222502013310799000164FAST BUSINESS SERVICOS ESPECIA180920230000000007696640000000000000000922930           0000000000000001021008202304627051800014600000000000000000000000010517112023 
0010001300010H 012005411171000127SYSTEMBOR IND E COM DE ARTEF DE BORRACHA000000000000000000000000000000000000000000000000219092023000000000000300000000000000000                                                                                
0010001300011G 01237919466000124671002720932270000001015222502013310799000164FAST BUSINESS SERVICOS ESPECIA070920230000000012467100000000000000000922894           0000000000000001020408202304627051800014600000000000000000000000010506112023 
0010001300012H 012005411171000127SYSTEMBOR IND E COM DE ARTEF DE BORRACHA000000000000000000000000000000000000000000000000208092023000000000000300000000000000000                                                                                
0010001300013G 01403929457000001800000000296904280054455599012037880206000163Cora SCD SA                   2908202300000000001800000000000000000009                0000000000000001041508202304627051800014600000000000000000000000000027112023 
0010001300014H 012029690428000195Rt Tech Ltda                            000000000000000000000000000000000000000000000000230082023000000000000200000000000000000                                                                                
0010001300015G 01341919467000040195411260305547972432301460002049934250001321INOX TECH C A INOXIDAVEIS LTDA0809202300000000040195400000000000000009654166 1        0000000000000001030908202304627051800014600000000000000000000000000008092033 
0010001300016G 01341979482000040195411260305629572432301460002049934250001321INOX TECH C A INOXIDAVEIS LTDA2309202300000000040195400000000000000009654166 2        0000000000000001030908202304627051800014600000000000000000000000000023092033 
0010001300017G 01341959497000040207411260305682472432301460002049934250001321INOX TECH C A INOXIDAVEIS LTDA0810202300000000040207400000000000000009654166 3        0000000000000001030908202304627051800014600000000000000000000000000008102033 
0010001300018G 01033979478000021980091795317000000021473601012059160689000164LUCHETI LUBRIFICANTES LTDA    19092023000000000219800000000000000000090208522/1       0000000000000001021508202304627051800014600000000000000000000000010417032024 
00100015         000020000000000008869288                                                                                                                                                                                                       
00199999         000001000022000000                                                                                                                                                            00000000000000000000000000000                    
