00100000         2462705180001460007532430126       0334800000001104950 SPAAL INDUSTRIA E COMERCIO LTDBANCO DO BRASIL                         20108202306312900101103000000201190761CBR438                                                      
0010001110300010 20462705180001460007532430126       0334800000001104950 SPAAL INDUSTRIA E COMERCIO LTD                                                                                                                                 00753243
0010001300001G 01237999455000029273401080932110000002033694502004573800000152LORTEC COMERCIAL E SERVICOS LT27082023000000000292734000000000000000093396            0000000000000001023007202304627051800014600000000000000000000000000026102023 
0010001300002H 010000000000000000                                        000000000000000000000000000000000000000000000000128082023000000000002930000000000000000                                                                                
0010001300003G 01341949447000442133010900001434301504758870002025080393000111NOVITA ALIMENTACAO LTDA       1908202300000000442133000000000000000009000005691       0000000000000001023107202304627051800014600000000000000000000000000019082033 
0010001300004G 01341919460000042169311257356842800928116290002007834343000109BUSINESS BANK FOM MERC LTDA   010920230000000004216930000000000000000922855           0000000000000001031707202304627051800014600000000000000000000000000001092033 
0010001300005H 012005411171000127SYSTEMBOR IND E COM DE ARTEF D          000000000000000000000000000000000000000000000000300000000000000000000000000000000000000                                                                                
0010001300006G 01341999460000024531511257356844400928116290002007834343000109BUSINESS BANK FOM MERC LTDA   010920230000000002453150000000000000000922857           0000000000000001031707202304627051800014600000000000000000000000000001092033 
0010001300007H 012005411171000127SYSTEMBOR IND E COM DE ARTEF D          000000000000000000000000000000000000000000000000300000000000000000000000000000000000000                                                                                
0010001300008G 01341949460000045441011257356845100928116290002007834343000109BUSINESS BANK FOM MERC LTDA   010920230000000004544100000000000000000922858           0000000000000001031707202304627051800014600000000000000000000000000001092033 
0010001300009H 012005411171000127SYSTEMBOR IND E COM DE ARTEF D          000000000000000000000000000000000000000000000000300000000000000000000000000000000000000                                                                                
0010001300010G 01341949460000043068811257356846900928116290002007834343000109BUSINESS BANK FOM MERC LTDA   010920230000000004306880000000000000000922859           0000000000000001031707202304627051800014600000000000000000000000000001092033 
0010001300011H 012005411171000127SYSTEMBOR IND E COM DE ARTEF D          000000000000000000000000000000000000000000000000300000000000000000000000000000000000000                                                                                
0010001300012G 01341929460000028012611257356847700928116290002007834343000109BUSINESS BANK FOM MERC LTDA   010920230000000002801260000000000000000922860           0000000000000001031707202304627051800014600000000000000000000000000001092033 
0010001300013H 012005411171000127SYSTEMBOR IND E COM DE ARTEF D          000000000000000000000000000000000000000000000000300000000000000000000000000000000000000                                                                                
0010001300014G 01341939460000098029011257356843600928116290002007834343000109BUSINESS BANK FOM MERC LTDA   010920230000000009802900000000000000000922856           0000000000000001031707202304627051800014600000000000000000000000000001092033 
0010001300015H 012005411171000127SYSTEMBOR IND E COM DE ARTEF D          000000000000000000000000000000000000000000000000300000000000000000000000000000000000000                                                                                
0010001300016G 01237919453000003130820280932120000964003001502092664028000141FERRAMENTAS GERAIS COM IMP DE 2508202300000000003130800000000000000009999268-1        0000000000000001022807202304627051800014600000000000000000000000000014092023 
0010001300017H 010000000000000000                                        000000000000000000000000000000000000000000000000226082023000000000000200000000000000000                                                                                
0010001300018G 01341919453000013056110900004339381210880510002057304479000177DIGEL ELETRICA LTDA   EPP     2508202300000000013056100000000000000009405862-1        0000000000000001032607202304627051800014600000000000000000000000000025082033 
0010001300019G 01341939468000013056110900004340181210880510002057304479000177DIGEL ELETRICA LTDA   EPP     0909202300000000013056100000000000000009405862-2        0000000000000001032607202304627051800014600000000000000000000000000009092033 
0010001300020G 01341949483000013059910900004341981210880510002057304479000177DIGEL ELETRICA LTDA   EPP     2409202300000000013059900000000000000009405862-3        0000000000000001032607202304627051800014600000000000000000000000000024092033 
0010001300021G 01341989470000028104010900018615402731453340002003586159000128MASTERCORP DO BRASIL EIRELI   11092023000000000281040000000000000000092210780         0000000000000003022807202304627051800014600000000000000000000000000010112023 
0010001300022G 01033929477000023865890277369000007354001301012046450551000158D365 FUNDO DE INVESTIMENTO EM 180920230000000002386580000000000000000900000007354-001 0000000000000001023107202304627051800014600000000000000000000000000016032024 
0010001300023H 010000000000000000                                        000000000000000000000000000000000000000000000000119092023000000000004773000000000000000                                                                                
0010001300024G 01033989462000023163990277369000007353001801012046450551000158D365 FUNDO DE INVESTIMENTO EM 030920230000000002316390000000000000000900000007353-001 0000000000000001023107202304627051800014600000000000000000000000000001032024 
0010001300025H 010000000000000000                                        000000000000000000000000000000000000000000000000104092023000000000004633000000000000000                                                                                
0010001300026G 01033919447000023163990277369000007352001201012046450551000158D365 FUNDO DE INVESTIMENTO EM 190820230000000002316390000000000000000900000007352-001 0000000000000001023107202304627051800014600000000000000000000000000015022024 
0010001300027H 010000000000000000                                        000000000000000000000000000000000000000000000000120082023000000000004633000000000000000                                                                                
0010001300028G 01341919457000193389411257517322700191545090002062152335000182RICHARD KLINGER IND E COM LTDA29082023000000001933894000000000000000090006753601      0000000000000001022507202304627051800014600000000000000000000000000029082033 
0010001300029G 01341949456000007860010900013990002532844000002005411215000119DM5 PRODUTOS ELETRICOS LTDA   2808202300000000007860000000000000000009045750          0000000000000001033107202304627051800014600000000000000000000000000028082033 
0010001300030G 01341989432000001621110900297000502074104320002043025774000180RODOVIARIO BEDIN LTDA         04082023000000000016211000000000000000090111300710      0000000000000003032807202304627051800014600000000000000000000000000004082033 
0010001300031H 010000000000000000                                        000000000000000000000000000000000000000000000000105082023000000000000324000000000000000                                                                                
00100015         000033000000000010961296                                                                                                                                                                                                       
00199999         000001000035000000                                                                                                                                                            00000000000000000000000000000                    
