00100000         2462705180001460007532430126       0334800000001104950 SPAAL INDUSTRIA E COMERCIO LTDBANCO DO BRASIL                         22607202306311600100303000000201190761CBR438                                                      
0010001110300010 20462705180001460007532430126       0334800000001104950 SPAAL INDUSTRIA E COMERCIO LTD                                                                                                                                 00753243
0010001300001G 01001919481000034588406234529651191400004400112043283811000150KALUNGA SA                    22092023000000000345884000000000000000099500314901      0000000000000001152507202304627051800014600000000000000000000000000022092023 
0010001300002H 010000000000000000                                        000000000000000000000000000000000000000000000000222092023000000000000200000000000000000                                                                                
0010001300003G 01001929435000106782200000012252330003514941172061092565000130NEO-TAGUS INDUSTRIAL LTDA.    0708202300000000106782200000000000000009000073870       0000000000000001152507202304627051800014600000000000000000000000000007082023 
0010001300004G 01001989436000405378400000035844260000000005172041336909000100JACEMIR OLIVEIRA SANTOS 3150220808202300000000405378400000000000000009318             0000000000000001152507202304627051800014600000000000000000000000000008082023 
0010001300005H 012000000000000000                                        000000000000000000000000000000000000000000000000208082023000000000000200000000000000000                                                                                
00100015         000007000000000005467490                                                                                                                                                                                                       
00199999         000001000009000000                                                                                                                                                            00000000000000000000000000000                    
