00100000         2462705180001460007532430126       0334800000001104950 SPAAL INDUSTRIA E COMERCIO LTDBANCO DO BRASIL                         21409202306310900107303000000201190761CBR438                                                      
0010001110300010 20462705180001460007532430126       0334800000001104950 SPAAL INDUSTRIA E COMERCIO LTD                                                                                                                                 00753243
0010001300001G 01001919499000002413206237459997332200204136312062014030000104IMPORTADORA DE ROLAMENTOS RADI10102023000000000024132000000000000000090175861501      0000000000000003151309202304627051800014600000000000000000000000020310102023 
0010001300002G 01001979526000113266406237451194336900001379312002275654000153GRAFICA SUPREMA EMBALAGENS LTD0611202300000000113266400000000000000009 57797   3      0000000000000003151309202304627051800014600000000000000000000000020506112023 
00100015         000004000000000001156796                                                                                                                                                                                                       
00199999         000001000006000000                                                                                                                                                            00000000000000000000000000000                    
