00100000         2462705180001460007532430126       0334800000001104950 SPAAL INDUSTRIA E COMERCIO LTDBANCO DO BRASIL                         21008202306311400102603000000201190761CBR438                                                      
0010001110300010 20462705180001460007532430126       0334800000001104950 SPAAL INDUSTRIA E COMERCIO LTD                                                                                                                                 00753243
0010001300001G 01341999439000045768015700042836692630016050002000233228000121HYDRAULIC SYSTEMS C H LTDA    11082023000000000457680000000000000000091915A           0000000000000001040908202304627051800014600000000000000000000000000011082033 
0010001300002G 01341929446000045768015700042837492630016050002000233228000121HYDRAULIC SYSTEMS C H LTDA    18082023000000000457680000000000000000091915B           0000000000000001040908202304627051800014600000000000000000000000000018082033 
0010001300003G 01341919460000007143110900017747216902057920002008225282000137ROCHA TOOLS C P S F G LTDA    0109202300000000007143100000000000000009554080001       0000000000000001030408202304627051800014600000000000000000000000000001092033 
0010001300004G 01077969466000028388000011120405695010602835952010229869000166VICRON QUIMICA LTDA           07092023000000000283880000000000000000093906            0000000000000001020908202304627051800014600000000000000000000000000007102023 
0010001300005H 012010229869000166VICRON QUIMICA LTDA                     000000000000000000000000000000000000000000000000300000000000000000000000000000000000000                                                                                
0010001300006G 01341999465000078938411259210074032185638500002000516828000105R D I I EXPORTADORA LTDA      06092023000000000789384000000000000000090063489         0000000000000001030708202304627051800014600000000000000000000000000006092033 
0010001300007G 01341919495000078962211259210076532185638500002000516828000105R D I I EXPORTADORA LTDA      06102023000000000789622000000000000000090063489         0000000000000001030708202304627051800014600000000000000000000000000006102033 
0010001300008G 01341999480000078938411259210075732185638500002000516828000105R D I I EXPORTADORA LTDA      21092023000000000789384000000000000000090063489         0000000000000001030708202304627051800014600000000000000000000000000021092033 
0010001300009G 01033949467000128353892024799000000000041201012061409215000155SAPOPEMBA INDUSTRIA E COMERCIO080920230000000012835380000000000000000961481           0000000000000001020908202304627051800014600000000000000000000000000007122023 
0010001300010G 01341969471000561490311259220968100763654510002044068211000131METALAC SPS IND E COM LTDA    1209202300000000561490300000000000000009306198          0000000000000001030808202304627051800014600000000000000000000000000012092033 
0010001300011G 01237919459000020498000900932210000076000405302010636869000180LANDOFER COMERCIAL LTDA EPP   310820230000000002049800000000000000000937678           0000000000000001020908202304627051800014600000000000000000000000000030102023 
0010001300012G 01237919471000109366002720932210000002015222502013310799000164FAST BUSINESS SERVICOS ESPECIA120920230000000010936600000000000000000922906           0000000000000001020208202304627051800014600000000000000000000000010511112023 
0010001300013H 012005411171000127SYSTEMBOR IND E COM DE ARTEF DE BORRACHA000000000000000000000000000000000000000000000000213092023000000000000300000000000000000                                                                                
0010001300014G 01237919471000091041002720932210000001015222502013310799000164FAST BUSINESS SERVICOS ESPECIA120920230000000009104100000000000000000922907           0000000000000001020908202304627051800014600000000000000000000000010511112023 
0010001300015H 012005411171000127SYSTEMBOR IND E COM DE ARTEF DE BORRACHA000000000000000000000000000000000000000000000000213092023000000000000300000000000000000                                                                                
0010001300016G 01422939479000028750070270000581721196716123722017940426000128RUBBER SOUL BORRACHAS INDUSTR 200920230000000002875000000000000000000931986-02        0000000000000001020908202304627051800014600000000000000000000000000019122023 
0010001300017G 01422989472000028750070270000581721196716123622017940426000128RUBBER SOUL BORRACHAS INDUSTR 130920230000000002875000000000000000000931986-01        0000000000000001020908202304627051800014600000000000000000000000000012122023 
0010001300018G 01033939466000105315090009373000000147786201012009212527000154ENILU EMPREENDIMENTOS E PARTIC0709202300000000105315000000000000000009NF: 125073      0000000000000001020808202304627051800014600000000000000000000000000005032024 
0010001300019H 010000000000000000                                        000000000000000000000000000000000000000000000000108092023000000000021063000000000000000                                                                                
0010001300020G 01033969496000105315090009373000000147787101012009212527000154ENILU EMPREENDIMENTOS E PARTIC0710202300000000105315000000000000000009NF: 125073      0000000000000001020808202304627051800014600000000000000000000000000004042024 
0010001300021H 010000000000000000                                        000000000000000000000000000000000000000000000000108102023000000000021063000000000000000                                                                                
0010001300022G 01237959456000013994434710434717073040000064902001625708000524CONTINENTAL FERRAMENTAS       28082023000000000139944000000000000000090079505 1       0000000000000001023107202304627051800014600000000000000000000000000027102023 
0010001300023G 01237969459000000999634710434717073294000064902001625708000524CONTINENTAL FERRAMENTAS       31082023000000000009996000000000000000090079821 1       0000000000000001020308202304627051800014600000000000000000000000000030102023 
00100015         000025000000000015577792                                                                                                                                                                                                       
00199999         000001000027000000                                                                                                                                                            00000000000000000000000000000                    
