00100000         2462705180001460007532430126       0334800000001104950 SPAAL INDUSTRIA E COMERCIO LTDBANCO DO BRASIL                         22009202306312400108103000000201190761CBR438                                                      
0010001110300010 20462705180001460007532430126       0334800000001104950 SPAAL INDUSTRIA E COMERCIO LTD                                                                                                                                 00753243
0010001300001G 01341999512000088778511266760216600928116290002007834343000109BUSINESS BANK FOM MERC LTDA   231020230000000008877850000000000000000923044           0000000000000001031809202304627051800014600000000000000000000000000023102033 
0010001300002H 012005411171000127SYSTEMBOR IND E COM DE ARTEF D          000000000000000000000000000000000000000000000000300000000000000000000000000000000000000                                                                                
0010001300003G 01341979505000030508011266772278201837263890002008961671000120CLARIQUIMICA COMERCIO P Q LTDA16102023000000000305080000000000000000090054795/00      0000000000000001031809202304627051800014600000000000000000000000000016102033 
0010001300004G 01341919499000021215915600041596300183707420002002060694000188BLASTINGCENTER JAT PINT LTDA  101020230000000002121590000000000000000924654           0000000000000001031909202304627051800014600000000000000000000000000010102033 
0010001300005G 01341939515000014635210900023620702731453340002003586159000128MASTERCORP DO BRASIL EIRELI   26102023000000000146352000000000000000092213827         0000000000000003021109202304627051800014600000000000000000000000000025122023 
0010001300006G 01341979533000052958811266894196912682569950002051938702000151AGEL ANEIS GAXETAS EQP LTDA   13112023000000000529588000000000000000091-34043         0000000000000001031409202304627051800014600000000000000000000000000013112033 
0010001300007G 01745949499000002266431801115470170001015544782000910509001305THOMSON REUTERS BRAS          10102023000000000022664000000000000000090002802519      0000000000000001031509202304627051800014600000000000000000000000000008012024 
0010001300008G 01341929518000049783111266927176202026366500002050748748000145CARTONAGEM JAUENSE LTDA       2910202300000000049783100000000000000009115914   2      0000000000000003021409202304627051800014600000000000000000000000000029102033 
0010001300009G 01341919533000049783111266927177002026366500002050748748000145CARTONAGEM JAUENSE LTDA       1311202300000000049783100000000000000009115914   3      0000000000000003021409202304627051800014600000000000000000000000000013112033 
0010001300010G 01341929503000049798111266927175402026366500002050748748000145CARTONAGEM JAUENSE LTDA       1410202300000000049798100000000000000009115914   1      0000000000000003021409202304627051800014600000000000000000000000000014102033 
0010001300011G 01707939507000194601600011121382958002041644972014807945000124SANSUY S A INDUSTRIA DE PLASTI1810202300000000194601600000000000000009100264973       0000000000000002021809202304627051800014600000000000000000000000000022122023 
0010001300012G 01745989507000007288931000471600146654138143112000676486000182FEDERAL EXPRESS CORP          18102023000000000072889000000000000000090541381431      0000000000000001031809202304627051800014600000000000000000000000000016012024 
0010001300013H 010000000000000000                                        000000000000000000000000000000000000000000000000219102023000000000000200000000000000000                                                                                
0010001300014G 01033939490000004830091342533000000023199101012061552022000159CASA DOS MACHOS IMP LTDA      011020230000000000483000000000000000000994738           0000000000000001020109202304627051800014600000000000000000000000000029032024 
00100015         000016000000000005664476                                                                                                                                                                                                       
00199999         000001000018000000                                                                                                                                                            00000000000000000000000000000                    
