00100000         2462705180001460007532430126       0334800000001104950 SPAAL INDUSTRIA E COMERCIO LTDBANCO DO BRASIL                         21909202306313900107803000000201190761CBR438                                                      
0010001110300010 20462705180001460007532430126       0334800000001104950 SPAAL INDUSTRIA E COMERCIO LTD                                                                                                                                 00753243
0010001300001G 01001919487000018255800000015943380000885111172008848231000161ATUAL CARGAS TRANSPORTES LTDA 28092023000000000182558000000000000000090013648531      0000000000000001151809202304627051800014600000000000000000000000010628092023 
0010001300002H 010000000000000000                                        000000000000000000000000000000000000000000000000228092023000000000000200000000000000000                                                                                
0010001300003G 01001919505000097700000000033903880000004771172041939829000131JRK GESTAO DE NEGOCIOS - UNIPE16102023000000000977000000000000000000090000003440      0000000000000001151809202304627051800014600000000000000000000000000016102023 
0010001300004H 012061133096000150HOENKA COMERCIAL LTDA                   000000000000000000000000000000000000000000000000216102023000000000000200000000000000000                                                                                
0010001300005G 01001919502000007600000000022825140000000723172003651482000138BS SANEAMENTO AMBIENTAL LTDA-E131020230000000000760000000000000000000949261           0000000000000001161809202304627051800014600000000000000000000000000013102023 
0010001300006H 012000000000000000                                        000000000000000000000000000000000000000000000000113102023000000000001476000000000000000                                                                                
00100015         000008000000000001235558                                                                                                                                                                                                       
00199999         000001000010000000                                                                                                                                                            00000000000000000000000000000                    
