00100000         2462705180001460007532430126       0334800000001104950 SPAAL INDUSTRIA E COMERCIO LTDBANCO DO BRASIL                         22107202306310700099603000000201190761CBR438                                                      
0010001110300010 20462705180001460007532430126       0334800000001104950 SPAAL INDUSTRIA E COMERCIO LTD                                                                                                                                 00753243
0010001300001G 01001959425000004554700000031940980002802036172060498417000158SAO PAULO TRANSPORTE SA       2807202300000000004554700000000000000009132236331       0000000000000001152007202304627051800014600000000000000000000000000028072023 
0010001300002H 012000000000000000                                        000000000000000000000000000000000000000000000000000000000000000000000000000000000000000                                                                                
00100015         000004000000000000045547                                                                                                                                                                                                       
00199999         000001000006000000                                                                                                                                                            00000000000000000000000000000                    
