00100000         2462705180001460007532430126       0334800000001104950 SPAAL INDUSTRIA E COMERCIO LTDBANCO DO BRASIL                         20108202306312900101003000000201190761CBR438                                                      
0010001110300010 20462705180001460007532430126       0334800000001104950 SPAAL INDUSTRIA E COMERCIO LTD                                                                                                                                 00753243
0010001300001G 01001949438000017352100000015943380000869360172008848231000161ATUAL CARGAS TRANSPORTES LTDA 10082023000000000173521000000000000000090013473595      0000000000000001153107202304627051800014600000000000000000000000010610082023 
0010001300002H 010000000000000000                                        000000000000000000000000000000000000000000000000210082023000000000000200000000000000000                                                                                
0010001300003G 01001929438000001046100000015943380000869361172008848231000161ATUAL CARGAS TRANSPORTES LTDA 10082023000000000010461000000000000000090013473609      0000000000000001153107202304627051800014600000000000000000000000010610082023 
0010001300004H 010000000000000000                                        000000000000000000000000000000000000000000000000210082023000000000000200000000000000000                                                                                
0010001300005G 01001989431000000871600000014812510000002067172008059371000150UPTEC BRASIL TRATAMENTO DE SUP0308202300000000000871600000000000000009NF97873.1       0000000000000001153107202304627051800014600000000000000000000000000003082023 
00100015         000007000000000000192698                                                                                                                                                                                                       
00199999         000001000009000000                                                                                                                                                            00000000000000000000000000000                    
