00100000         2462705180001460007532430126       0334800000001104950 SPAAL INDUSTRIA E COMERCIO LTDBANCO DO BRASIL                         20707202306311600097703000000201190761CBR438                                                      
0010001110300010 20462705180001460007532430126       0334800000001104950 SPAAL INDUSTRIA E COMERCIO LTD                                                                                                                                 00753243
0010001300001G 01341969436000040354611252907389500928116290002007834343000109BUSINESS BANK FOM MERC LTDA   080820230000000004035460000000000000000922759           0000000000000001030407202304627051800014600000000000000000000000000008082033 
0010001300002H 012005411171000127SYSTEMBOR IND E COM DE ARTEF D          000000000000000000000000000000000000000000000000300000000000000000000000000000000000000                                                                                
0010001300003G 01341979437000162008011252907390300928116290002007834343000109BUSINESS BANK FOM MERC LTDA   090820230000000016200800000000000000000922769           0000000000000001032006202304627051800014600000000000000000000000000009082033 
0010001300004H 012005411171000127SYSTEMBOR IND E COM DE ARTEF D          000000000000000000000000000000000000000000000000300000000000000000000000000000000000000                                                                                
0010001300005G 01033919416000042373890167897000000000278001042003198190000191FIXARTE INDUSTRIA E COMERCIO L1907202300000000042373800000000000000009F001131101      0000000000000001021906202304627051800014600000000000000000000000010515012024 
0010001300006G 01341949442000048855811252921601502021228340002002275654000153GRAFICA SUPREMA EMB LTDA      140820230000000004885580000000000000000956682   2       0000000000000003023006202304627051800014600000000000000000000000000014082033 
0010001300007G 01341949426000057230111252921585002021228340002002275654000153GRAFICA SUPREMA EMB LTDA      290720230000000005723010000000000000000956642   1       0000000000000003022906202304627051800014600000000000000000000000000029072033 
0010001300008G 01341969441000057213111252921586802021228340002002275654000153GRAFICA SUPREMA EMB LTDA      130820230000000005721310000000000000000956642   2       0000000000000003022906202304627051800014600000000000000000000000000013082033 
0010001300009G 01341949427000048870511252921600702021228340002002275654000153GRAFICA SUPREMA EMB LTDA      300720230000000004887050000000000000000956682   1       0000000000000003023006202304627051800014600000000000000000000000000030072033 
0010001300010G 01341929410000010290015700042044303544197490002058720152000149ALARMETROP LTDA ME            1307202300000000010290000000000000000009179             0000000000000001020607202304627051800014600000000000000000000000000013072033 
0010001300011H 010000000000000000                                        000000000000000000000000000000000000000000000000114072023000000000010290000000000000000                                                                                
0010001300012G 01237959437000004658024220900000025718002773002036112686000150PROSPERITY SECURITIZADORA S.A.090820230000000000465800000000000000000931776           0000000000000001020507202304627051800014600000000000000000000000000008102023 
0010001300013H 012029846341000164SELBER TRATAMENTO DE METAIS LTDA        000000000000000000000000000000000000000000000000210082023000000000000200000000000000000                                                                                
0010001300014G 01237959437000002947524220900000025713002773002036112686000150PROSPERITY SECURITIZADORA S.A.090820230000000000294750000000000000000931775           0000000000000001020507202304627051800014600000000000000000000000000008102023 
0010001300015H 012029846341000164SELBER TRATAMENTO DE METAIS LTDA        000000000000000000000000000000000000000000000000210082023000000000000200000000000000000                                                                                
0010001300016G 01341919462000227328311252938307012682569950002051938702000151AGEL ANEIS GAXETAS EQP LTDA   03092023000000002273283000000000000000091-29640         0000000000000001030507202304627051800014600000000000000000000000000003092033 
0010001300017G 01341999462000048368311252938308812682569950002051938702000151AGEL ANEIS GAXETAS EQP LTDA   03092023000000000483683000000000000000091-29641         0000000000000001030507202304627051800014600000000000000000000000000003092033 
0010001300018G 01341989440000259516310900040712000693430280002053561619000131COMERCIAL ORLANDI LTDA        120820230000000025951630000000000000000924998D          0000000000000001032905202304627051800014600000000000000000000000000012082033 
0010001300019G 01341989431000136585010900040720300693430280002053561619000131COMERCIAL ORLANDI LTDA        030820230000000013658500000000000000000925276A          0000000000000001030407202304627051800014600000000000000000000000000003082033 
0010001300020G 01341929444000079614410900040713800693430280002053561619000131COMERCIAL ORLANDI LTDA        160820230000000007961440000000000000000925040D          0000000000000001030206202304627051800014600000000000000000000000000016082033 
0010001300021G 01033919433000034784392024799000000000034501012061409215000155SAPOPEMBA INDUSTRIA E COMERCIO050820230000000003478430000000000000000961190           0000000000000001020607202304627051800014600000000000000000000000000003112023 
0010001300022G 01341929414000018770010964390001200610287420002043458447000111CAMERLINGO Z R B V L ADVOGAD  170720230000000001877000000000000000000977144           0000000000000001990607202304627051800014600000000000000000000000000017072033 
0010001300023G 01104939410000024000024144650001000400000150622010715054000197IMHP   INSTITUTO DE MONITORAME13072023000000000240000000000000000000091506            0000000000000001230607202304627051800014600000000000000000000000000010082023 
0010001300024G 01341989438000044815210900035732808456271730002013425492000109ACTIVA F I D C MULTISSETORIAL 100820230000000004481520000000000000000922775           0000000000000001030607202304627051800014600000000000000000000000000010082033 
0010001300025H 012005411171000127SYSTEMBOR IND E COM DE ARTEFAT          000000000000000000000000000000000000000000000000111082023000000000008963000000000000000                                                                                
0010001300026G 01237949417000043710333910900152142905008662002061600839000155CENTRO DE INT EMPRESS ESCOLA C2007202300000000043710300000000000000009000012958       0000000000000001990607202304627051800014600000000000000000000000000017102023 
0010001300027H 010000000000000000                                        000000000000000000000000000000000000000000000000221072023000000000000200000000000000000                                                                                
0010001300028G 01237959409000013356002970931870000002001317202034931165000107PORTALFLEX SERVICOS ADMINISTRA12072023000000000133560000000000000000092307000056      0000000000000001020607202304627051800014600000000000000000000000000010092023 
00100015         000030000000000014056495                                                                                                                                                                                                       
00199999         000001000032000000                                                                                                                                                            00000000000000000000000000000                    
