00100000         2462705180001460007532430126       0334800000001104950 SPAAL INDUSTRIA E COMERCIO LTDBANCO DO BRASIL                         20909202306305600106803000000201190761CBR438                                                      
0010001110300010 20462705180001460007532430126       0334800000001104950 SPAAL INDUSTRIA E COMERCIO LTD                                                                                                                                 00753243
0010001300001G 01237979487000023976000900992590003976054191502048922769000193RISCOFER                      280920230000000002397600000000000000000901812401        0000000000000001022908202304627051800014600000000000000000000000000027112023 
0010001300002H 010000000000000000                                        000000000000000000000000000000000000000000000000229092023000000000000500000000000000000                                                                                
0010001300003G 01237949512000064680001410932510000006002733002076112374000322JUNTAS UNIVERSAL              231020230000000006468000000000000000000962244 1         0000000000000001020809202304627051800014600000000000000000000000010522122023 
0010001300004H 010000000000000000                                        000000000000000000000000000000000000000000000000224102023000000000000200000000000000000                                                                                
0010001300005G 01237989476000002562333960200000230816000516502001610798000156TECMAR TRANSPORTES LTDA       17092023000000000025623000000000000000092521010-1       0000000000000003020809202304627051800014600000000000000000000000000016112023 
0010001300006H 010000000000000000                                        000000000000000000000000000000000000000000000000218092023000000000000200000000000000000                                                                                
0010001300007G 01341989472000010290015700042197903544197490002058720152000149ALARMETROP LTDA ME            1309202300000000010290000000000000000009371             0000000000000001020809202304627051800014600000000000000000000000000013092033 
0010001300008H 010000000000000000                                        000000000000000000000000000000000000000000000000114092023000000000010290000000000000000                                                                                
0010001300009G 01341919493000223076011265006782307699157600002033424730000179DINACO IMPORTACAO COMERCIO LTD041020230000000022307600000000000000000923146-1         0000000000000001030609202304627051800014600000000000000000000000000004102033 
00100015         000011000000000003245843                                                                                                                                                                                                       
00199999         000001000013000000                                                                                                                                                            00000000000000000000000000000                    
