00100000         2462705180001460007532430126       0334800000001104950 SPAAL INDUSTRIA E COMERCIO LTDBANCO DO BRASIL                         21208202306310900102803000000201190761CBR438                                                      
0010001110300010 20462705180001460007532430126       0334800000001104950 SPAAL INDUSTRIA E COMERCIO LTD                                                                                                                                 00753243
0010001300001G 01341999500000027900010900028066129384878120002022518066000100MONFIZA COM E IMP LTDA        11102023000000000279000000000000000000096018.3          0000000000000001031008202304627051800014600000000000000000000000000011102033 
0010001300002H 010000000000000000                                        000000000000000000000000000000000000000000000000112102023000000000005580000000000000000                                                                                
0010001300003G 01341939470000027892510900028064629384878120002022518066000100MONFIZA COM E IMP LTDA        11092023000000000278925000000000000000096018.1          0000000000000001031008202304627051800014600000000000000000000000000011092033 
0010001300004H 010000000000000000                                        000000000000000000000000000000000000000000000000112092023000000000005578000000000000000                                                                                
0010001300005G 01341939485000027900010900028065329384878120002022518066000100MONFIZA COM E IMP LTDA        26092023000000000279000000000000000000096018.2          0000000000000001031008202304627051800014600000000000000000000000000026092033 
0010001300006H 010000000000000000                                        000000000000000000000000000000000000000000000000127092023000000000005580000000000000000                                                                                
0010001300007G 01341989474000004010015700002071586990521820002001165629000154TECNERG GERACAO T ENERGIA LTDA1509202300000000004010000000000000000009271.18781       0000000000000001031108202304627051800014600000000000000000000000000015092033 
0010001300008H 010000000000000000                                        000000000000000000000000000000000000000000000000116092023000000000000802000000000000000                                                                                
0010001300009G 01237929466000001225024220900000026266002773002036112686000150PROSPERITY SECURITIZADORA S.A.070920230000000000122500000000000000000932941           0000000000000001021008202304627051800014600000000000000000000000000006112023 
0010001300010H 012029846341000164SELBER TRATAMENTO DE METAIS LTDA        000000000000000000000000000000000000000000000000208092023000000000000200000000000000000                                                                                
0010001300011G 01341929466000039788010900005656981210880510002057304479000177DIGEL ELETRICA LTDA   EPP     0709202300000000039788000000000000000009409738-1        0000000000000001031008202304627051800014600000000000000000000000000007092033 
0010001300012G 01237969473000031653433980932230000494007270702061252185000116TECNOPLASTICO BELFANO LTDA    14092023000000000316534000000000000000091  276491C      0000000000000001020308202304627051800014600000000000000000000000000013122023 
0010001300013H 010000000000000000                                        000000000000000000000000000000000000000000000000215092023000000000000100000000000000000                                                                                
0010001300014G 01237919459000031653533980932230000492007270702061252185000116TECNOPLASTICO BELFANO LTDA    31082023000000000316535000000000000000091  276491A      0000000000000001020308202304627051800014600000000000000000000000000029112023 
0010001300015H 010000000000000000                                        000000000000000000000000000000000000000000000000201092023000000000000100000000000000000                                                                                
0010001300016G 01237979466000031653533980932230000493007270702061252185000116TECNOPLASTICO BELFANO LTDA    07092023000000000316535000000000000000091  276491B      0000000000000001020308202304627051800014600000000000000000000000000006122023 
0010001300017H 010000000000000000                                        000000000000000000000000000000000000000000000000208092023000000000000100000000000000000                                                                                
0010001300018G 01745979469000002266431801115470170000997907002000910509001305THOMSON REUTERS BRAS          10092023000000000022664000000000000000090002710985      0000000000000001031108202304627051800014600000000000000000000000000009122023 
00100015         000020000000000002259423                                                                                                                                                                                                       
00199999         000001000022000000                                                                                                                                                            00000000000000000000000000000                    
