00100000         2462705180001460007532430126       0334800000001104950 SPAAL INDUSTRIA E COMERCIO LTDBANCO DO BRASIL                         21010202306314200111003000000201190761CBR438                                                      
0010001110300010 20462705180001460007532430126       0334800000001104950 SPAAL INDUSTRIA E COMERCIO LTD                                                                                                                                 00753243
0010001300001G 01001919525000010940800000029611520000007442172006324699000121AKT TRANSPORTES E COMERCIO DE 051120230000000001094080000000000000000900015651F0      0000000000000001150910202304627051800014600000000000000000000000020505112023 
0010001300002H 010000000000000000                                        000000000000000000000000000000000000000000000000205112023000000000000200000000000000000                                                                                
0010001300003G 01001929508000023558500000015943380000891645172008848231000161ATUAL CARGAS TRANSPORTES LTDA 19102023000000000235585000000000000000090013722447      0000000000000001150910202304627051800014600000000000000000000000010619102023 
0010001300004H 010000000000000000                                        000000000000000000000000000000000000000000000000219102023000000000000200000000000000000                                                                                
00100015         000006000000000000344993                                                                                                                                                                                                       
00199999         000001000008000000                                                                                                                                                            00000000000000000000000000000                    
