00100000         2462705180001460007532430126       0334800000001104950 SPAAL INDUSTRIA E COMERCIO LTDBANCO DO BRASIL                         21508202306311700102903000000201190761CBR438                                                      
0010001110300010 20462705180001460007532430126       0334800000001104950 SPAAL INDUSTRIA E COMERCIO LTD                                                                                                                                 00753243
0010001300001G 01001989452000002021600000015943380000873705172008848231000161ATUAL CARGAS TRANSPORTES LTDA 24082023000000000020216000000000000000090013522316      0000000000000001151408202304627051800014600000000000000000000000010624082023 
0010001300002H 010000000000000000                                        000000000000000000000000000000000000000000000000224082023000000000000200000000000000000                                                                                
00100015         000004000000000000020216                                                                                                                                                                                                       
00199999         000001000006000000                                                                                                                                                            00000000000000000000000000000                    
