00100000         2462705180001460007532430126       0334800000001104950 SPAAL INDUSTRIA E COMERCIO LTDBANCO DO BRASIL                         23008202306311400105203000000201190761CBR438                                                      
0010001110300010 20462705180001460007532430126       0334800000001104950 SPAAL INDUSTRIA E COMERCIO LTD                                                                                                                                 00753243
0010001300001G 01001919483000059303706236621104336900001379312002275654000153GRAFICA SUPREMA EMBALAGENS LTD2409202300000000059303700000000000000009 57621   1      0000000000000003152908202304627051800014600000000000000000000000020524092023 
0010001300002G 01001949494000043497106236621105336900001379312002275654000153GRAFICA SUPREMA EMBALAGENS LTD0510202300000000043497100000000000000009 57621   2      0000000000000003152908202304627051800014600000000000000000000000020505102023 
0010001300003G 01001959498000059286006236621106336900001379312002275654000153GRAFICA SUPREMA EMBALAGENS LTD0910202300000000059286000000000000000009 57621   3      0000000000000003152908202304627051800014600000000000000000000000020509102023 
0010001300004G 01001999500000027199106236621107336900001379312002275654000153GRAFICA SUPREMA EMBALAGENS LTD1110202300000000027199100000000000000009 57621   4      0000000000000003152908202304627051800014600000000000000000000000020511102023 
0010001300005G 01001989509000043484106236621108336900001379312002275654000153GRAFICA SUPREMA EMBALAGENS LTD2010202300000000043484100000000000000009 57621   5      0000000000000003152908202304627051800014600000000000000000000000020520102023 
0010001300006G 01001939513000059286006236621109336900001379312002275654000153GRAFICA SUPREMA EMBALAGENS LTD2410202300000000059286000000000000000009 57621   6      0000000000000003152908202304627051800014600000000000000000000000020524102023 
0010001300007G 01001949515000027190906236621110336900001379312002275654000153GRAFICA SUPREMA EMBALAGENS LTD2610202300000000027190900000000000000009 57621   7      0000000000000003152908202304627051800014600000000000000000000000020526102023 
0010001300008G 01001929524000043484106236621111336900001379312002275654000153GRAFICA SUPREMA EMBALAGENS LTD0411202300000000043484100000000000000009 57621   8      0000000000000003152908202304627051800014600000000000000000000000020504112023 
0010001300009G 01001919530000027190906236621112336900001379312002275654000153GRAFICA SUPREMA EMBALAGENS LTD1011202300000000027190900000000000000009 57621   9      0000000000000003152908202304627051800014600000000000000000000000020510112023 
0010001300010G 01001919481000004722800000021220090000386969172004935166000150M. SAM DISTRIBUIDORA DE PECAS 2209202300000000004722800000000000000009573930/A        0000000000000001152908202304627051800014600000000000000000000000020522092023 
0010001300011G 01001949495000004722800000021220090000386970172004935166000150M. SAM DISTRIBUIDORA DE PECAS 0610202300000000004722800000000000000009573930/B        0000000000000001152908202304627051800014600000000000000000000000020506102023 
0010001300012G 01001989509000004722700000021220090000386971172004935166000150M. SAM DISTRIBUIDORA DE PECAS 2010202300000000004722700000000000000009573930/C        0000000000000001152908202304627051800014600000000000000000000000020520102023 
00100015         000014000000000004040902                                                                                                                                                                                                       
00199999         000001000016000000                                                                                                                                                            00000000000000000000000000000                    
