00100000         2462705180001460007532430126       0334800000001104950 SPAAL INDUSTRIA E COMERCIO LTDBANCO DO BRASIL                         20808202306311800102003000000201190761CBR438                                                      
0010001110300010 20462705180001460007532430126       0334800000001104950 SPAAL INDUSTRIA E COMERCIO LTD                                                                                                                                 00753243
0010001300001G 01001929463000003440000000030955230000003769172004974842000103WORK FER COMERCIO DE FERRAMENT040920230000000000344000000000000000000937347.A         0000000000000001150708202304627051800014600000000000000000000000000004092023 
0010001300002H 010000000000000000                                        000000000000000000000000000000000000000000000000204092023000000000000200000000000000000                                                                                
0010001300003G 01001999462000010940800000029611520000007323172006324699000121AKT TRANSPORTES E COMERCIO DE 030920230000000001094080000000000000000900015523F0      0000000000000001150708202304627051800014600000000000000000000000020503092023 
0010001300004H 010000000000000000                                        000000000000000000000000000000000000000000000000203092023000000000000200000000000000000                                                                                
0010001300005G 01001919448000029174000000032443640000023137172061031126000118MGR INFORMATICA LTDA          2008202300000000029174000000000000000009                0000000000000001160708202304627051800014600000000000000000000000000020082023 
0010001300006H 012000000000000000                                        000000000000000000000000000000000000000000000000220082023000000000000200000000000000000                                                                                
0010001300007G 01001919445000033060200000015943380000871615172008848231000161ATUAL CARGAS TRANSPORTES LTDA 17082023000000000330602000000000000000090013498946      0000000000000001150708202304627051800014600000000000000000000000010617082023 
0010001300008H 010000000000000000                                        000000000000000000000000000000000000000000000000217082023000000000000200000000000000000                                                                                
00100015         000010000000000000766150                                                                                                                                                                                                       
00199999         000001000012000000                                                                                                                                                            00000000000000000000000000000                    
