00100000         2462705180001460007532430126       0334800000001104950 SPAAL INDUSTRIA E COMERCIO LTDBANCO DO BRASIL                         21108202306310200102703000000201190761CBR438                                                      
0010001110300010 20462705180001460007532430126       0334800000001104950 SPAAL INDUSTRIA E COMERCIO LTD                                                                                                                                 00753243
0010001300001G 01341919463000019000015700000012780447784810002060746518000109TRANSPORTADORA TRANSLECCHI LTD0409202300000000019000000000000000000009560116C         0000000000000001041008202304627051800014600000000000000000000000000004092033 
0010001300002G 01033919446000597023990324614000000000000501012000409355000139SALMOS 27 LOGISTICA E TRANSPOR180820230000000059702390000000000000000902072023        0000000000000001021008202304627051800014600000000000000000000000000016092023 
0010001300003G 01341999496000428647611259450419612682569950002051938702000151AGEL ANEIS GAXETAS EQP LTDA   07102023000000004286476000000000000000092-15078         0000000000000001030808202304627051800014600000000000000000000000000007102033 
0010001300004G 01341939496000039997811259450420412682569950002051938702000151AGEL ANEIS GAXETAS EQP LTDA   07102023000000000399978000000000000000092-15079         0000000000000001030808202304627051800014600000000000000000000000000007102033 
0010001300005G 01341949472000046331715700040378985140883200002062639158000163METALURGICA ESTAMPARIA L LTDA 1309202300000000046331700000000000000009028180          0000000000000003021008202304627051800014600000000000000000000000000013092033 
0010001300006G 01341979472000333309415700040377185140883200002062639158000163METALURGICA ESTAMPARIA L LTDA 1309202300000000333309400000000000000009028179          0000000000000003021008202304627051800014600000000000000000000000000013092033 
0010001300007G 01341919472000443369815700040379785140883200002062639158000163METALURGICA ESTAMPARIA L LTDA 1309202300000000443369800000000000000009028184          0000000000000003021008202304627051800014600000000000000000000000000013092033 
0010001300008G 01341919464000025179910900567504801379344020002009328663000104GRUPO GONCALVES DIAS S A      050920230000000002517990000000000000000906972111        0000000000000001030808202304627051800014600000000000000000000000000005092033 
0010001300009G 01341979464000110265710900567399301379344020002009328663000104GRUPO GONCALVES DIAS S A      050920230000000011026570000000000000000906971381        0000000000000001030808202304627051800014600000000000000000000000000005092033 
0010001300010G 01341919474000182714210900041228600693430280002053561619000131COMERCIAL ORLANDI LTDA        150920230000000018271420000000000000000925378C          0000000000000001031707202304627051800014600000000000000000000000000015092033 
00100015         000012000000000022258400                                                                                                                                                                                                       
00199999         000001000014000000                                                                                                                                                            00000000000000000000000000000                    
