00100000         2462705180001460007532430126       0334800000001104950 SPAAL INDUSTRIA E COMERCIO LTDBANCO DO BRASIL                         21309202306310700107103000000201190761CBR438                                                      
0010001110300010 20462705180001460007532430126       0334800000001104950 SPAAL INDUSTRIA E COMERCIO LTD                                                                                                                                 00753243
0010001300001G 01001979481000006242406237348223035400009621112085515112000138CARDOSO INDUSTRIA COMERCIO E R22092023000000000062424000000000000000090001270801      0000000000000001151209202304627051800014600000000000000000000000000022092023 
0010001300002G 01001939496000005400006237348224035400009621112085515112000138CARDOSO INDUSTRIA COMERCIO E R07102023000000000054000000000000000000090001270802      0000000000000001151209202304627051800014600000000000000000000000000007102023 
0010001300003G 01001969511000005400006237348225035400009621112085515112000138CARDOSO INDUSTRIA COMERCIO E R22102023000000000054000000000000000000090001270803      0000000000000001151209202304627051800014600000000000000000000000000022102023 
00100015         000005000000000000170424                                                                                                                                                                                                       
00199999         000001000007000000                                                                                                                                                            00000000000000000000000000000                    
