00100000         2462705180001460007532430126       0334800000001104950 SPAAL INDUSTRIA E COMERCIO LTDBANCO DO BRASIL                         22907202306310300100903000000201190761CBR438                                                      
0010001110300010 20462705180001460007532430126       0334800000001104950 SPAAL INDUSTRIA E COMERCIO LTD                                                                                                                                 00753243
0010001300001G 01341919452000031740010900000659504672248120002038175050000182I9 SENSORES INDUSTRIAIS LTDA  2408202300000000031740000000000000000009000762/1-1      0000000000000001032707202304627051800014600000000000000000000000000024082033 
0010001300002H 010000000000000000                                        000000000000000000000000000000000000000000000000125082023000000000015870000000000000000                                                                                
0010001300003G 01341959453000001961015700040850188595803030002017079181000196CORTFLAN COMERCIO B LTDA      2508202300000000001961000000000000000009005854          0000000000000001042807202304627051800014600000000000000000000000000025082033 
0010001300004G 01341949453000000107315700040851988595803030002017079181000196CORTFLAN COMERCIO B LTDA      2508202300000000000107300000000000000009005855          0000000000000001042807202304627051800014600000000000000000000000000025082033 
0010001300005G 01341919453000008724615700040852788595803030002017079181000196CORTFLAN COMERCIO B LTDA      2508202300000000008724600000000000000009005856          0000000000000001042807202304627051800014600000000000000000000000000025082033 
0010001300006G 01341949453000002442015700040853588595803030002017079181000196CORTFLAN COMERCIO B LTDA      2508202300000000002442000000000000000009005857          0000000000000001042807202304627051800014600000000000000000000000000025082033 
0010001300007G 01341919453000022203715700040854388595803030002017079181000196CORTFLAN COMERCIO B LTDA      2508202300000000022203700000000000000009005858          0000000000000001042807202304627051800014600000000000000000000000000025082033 
0010001300008G 01341959453000000077715700040855088595803030002017079181000196CORTFLAN COMERCIO B LTDA      2508202300000000000077700000000000000009005859          0000000000000001042807202304627051800014600000000000000000000000000025082033 
0010001300009G 01237919446000001055012590932090000002041276902003114171000130PARAFUSALIA                   1808202300000000001055000000000000000009134637          0000000000000001022807202304627051800014600000000000000000000000000017102023 
0010001300010H 012003114171000130BORFER FERRAGENS E FERRAMENTAS          000000000000000000000000000000000000000000000000219082023000000000000200000000000000000                                                                                
0010001300011G 01033919443000005400290150739000000275607201012017160849000478AURUM SOFTMATIC LTDA          15082023000000000054002000000000000000090000017249M0823 0000000000000001042807202304627051800014600000000000000000000000000013112023 
0010001300012H 010000000000000000                                        000000000000000000000000000000000000000000000000116082023000000000001080000000000000000                                                                                
0010001300013G 01237919430000629702133900232090000008060013102061554028000165CECIL S A LAMINACAO DE METAIS 02082023000000006297021000000000000000090235809 01      0000000000000003022507202304627051800014600000000000000000000000000001102023 
0010001300014G 01341929443000016162410954679170784934294460002001597589000209CONSIGAZ DISTRIB DE GAS LTDA  15082023000000000161624000000000000000090009541         0000000000000001992707202304627051800014600000000000000000000000000015082033 
0010001300015H 010000000000000000                                        000000000000000000000000000000000000000000000000116082023000000000003232000000000000000                                                                                
0010001300016G 01341919438000002500010932397498204440006400002061099008000141TAGUS TEC SERV TECNOLOGIC LTDA1008202300000000002500000000000000000009Z000664674      0000000000000001032807202304627051800014600000000000000000000000000010082033 
0010001300017G 01341999433000002500010932397497404440006400002061099008000141TAGUS TEC SERV TECNOLOGIC LTDA0508202300000000002500000000000000000009Z000664673      0000000000000001032807202304627051800014600000000000000000000000000005082033 
0010001300018G 01237929459000029771333900932090000064000291302033554808000170FBM FIDC                      3108202300000000029771300000000000000009016239-002      0000000000000001022707202304627051800014600000000000000000000000000030102023 
0010001300019H 012016733328000157PBG INDUSTRIA E COMERCIO DE COMPONENTES 000000000000000000000000000000000000000000000000300000000000000000000000000000000000000                                                                                
0010001300020G 01237999452000029771233900932090000063000291302033554808000170FBM FIDC                      2408202300000000029771200000000000000009016239-001      0000000000000001022707202304627051800014600000000000000000000000000023102023 
0010001300021H 012016733328000157PBG INDUSTRIA E COMERCIO DE COMPONENTES 000000000000000000000000000000000000000000000000300000000000000000000000000000000000000                                                                                
0010001300022G 01745929445000011017631820643090210070111520762060619202000148MESSER GASES LTDA             17082023000000000110176000000000000000098632665601      0000000000000001032707202304627051800014600000000000000000000000000016102023 
00100015         000024000000000007951361                                                                                                                                                                                                       
00199999         000001000026000000                                                                                                                                                            00000000000000000000000000000                    
