00100000         2462705180001460007532430126       0334800000001104950 SPAAL INDUSTRIA E COMERCIO LTDBANCO DO BRASIL                         21409202306310900107403000000201190761CBR438                                                      
0010001110300010 20462705180001460007532430126       0334800000001104950 SPAAL INDUSTRIA E COMERCIO LTD                                                                                                                                 00753243
0010001300001G 01033969471000057299095346541000229682802101012033164021000100TOKIO MARINE SEGURADORA S A   1209202300000000057299000000000000000009000002583265001 0000000000000001201209202304627051800014600000000000000000000000000022092023 
0010001300002H 012033164021000100TOKIO MARINE SEGURADORA S.A.            000000000000000000000000000000000000000000000000113092023000000000011460000000000000000                                                                                
0010001300003G 01237989493000014306719520932560000002002888802022094184000139FLUONSEALS IND E COM DE POLIME04102023000000000143067000000000000000094753            0000000000000001021309202304627051800014600000000000000000000000000003122023 
0010001300004G 01341969511000137279611265738929502026366500002050748748000145CARTONAGEM JAUENSE LTDA       2210202300000000137279600000000000000009115750   2      0000000000000003020709202304627051800014600000000000000000000000000022102033 
0010001300005G 01341989526000137279611265738930302026366500002050748748000145CARTONAGEM JAUENSE LTDA       0611202300000000137279600000000000000009115750   3      0000000000000003020709202304627051800014600000000000000000000000000006112033 
0010001300006G 01341939511000113266411265738924602021228340002002275654000153GRAFICA SUPREMA EMB LTDA      221020230000000011326640000000000000000957797   2       0000000000000003020709202304627051800014600000000000000000000000000022102033 
0010001300007G 01341929496000113300011265738923802021228340002002275654000153GRAFICA SUPREMA EMB LTDA      071020230000000011330000000000000000000957797   1       0000000000000003020709202304627051800014600000000000000000000000000007102033 
0010001300008G 01341959496000137320811265738928702026366500002050748748000145CARTONAGEM JAUENSE LTDA       0710202300000000137320800000000000000009115750   1      0000000000000003020709202304627051800014600000000000000000000000000007102033 
0010001300009G 01341999473000002290217643256988729385334580002014338304000178YAPAY PAGAMENTOS ONLINE LTDA  1409202300000000002290200000000000000009                0000000000000001021309202304627051800014600000000000000000000000000014092033 
0010001300010G 01246979484000140144200011125028104003236070042025247287000341BBA IND E COM IMP E EXP LTDA  250920230000000014014420000000000000000911951           0000000000000003022508202304627051800014600000000000000000000000000023032024 
0010001300011G 01341989482000474079610900018472129223415950002040075055000185EPCA EMP PAUL CESTA ALIM EIRE 230920230000000047407960000000000000000953570           0000000000000001031309202304627051800014600000000000000000000000000023092033 
00100015         000013000000000013265661                                                                                                                                                                                                       
00199999         000001000015000000                                                                                                                                                            00000000000000000000000000000                    
