00100000         2462705180001460007532430126       0334800000001104950 SPAAL INDUSTRIA E COMERCIO LTDBANCO DO BRASIL                         21808202306310700103603000000201190761CBR438                                                      
0010001110300010 20462705180001460007532430126       0334800000001104950 SPAAL INDUSTRIA E COMERCIO LTD                                                                                                                                 00753243
0010001300001G 01341999479000087771115700040380585140883200002062639158000163METALURGICA ESTAMPARIA L LTDA 2009202300000000087771100000000000000009028228          0000000000000003021708202304627051800014600000000000000000000000000020092033 
0010001300002G 01341969464000434155410900001555501504758870002025080393000111NOVITA ALIMENTACAO LTDA       0509202300000000434155400000000000000009000005932       0000000000000001021708202304627051800014600000000000000000000000000005092033 
0010001300003G 01341939483000207755210900041320100693430280002053561619000131COMERCIAL ORLANDI LTDA        240920230000000020775520000000000000000925587B          0000000000000001031008202304627051800014600000000000000000000000000024092033 
0010001300004G 01033919474000020776798639949000000000160901012022607520000108CASTELO COMERCIO DE EQUIPAMENT15092023000000000207767000000000000000093208            0000000000000001021708202304627051800014600000000000000000000000000013032024 
0010001300005H 010000000000000000                                        000000000000000000000000000000000000000000000000117092023000000000020777000000000000000                                                                                
0010001300006G 01033919472000065906594866495000000916113901042005213735000117KREMPEL BRASIL LTDA           1309202300000000065906500000000000000009000085549       0000000000000001021608202304627051800014600000000000000000000000000011032024 
0010001300007H 010000000000000000                                        000000000000000000000000000000000000000000000000114092023000000000013181000000000000000                                                                                
0010001300008G 01237939465000036516423740596088989544006248002061198164000160PORTO SEGURO CIA DE SEG GER   06092023000000000365164000000000000000096621108307      0000000000000001031708202304627051800014600000000000000000000000000006102023 
00100015         000010000000000008528813                                                                                                                                                                                                       
00199999         000001000012000000                                                                                                                                                            00000000000000000000000000000                    
