00100000         2462705180001460007532430126       0334800000001104950 SPAAL INDUSTRIA E COMERCIO LTDBANCO DO BRASIL                         22208202306313900104103000000201190761CBR438                                                      
0010001110300010 20462705180001460007532430126       0334800000001104950 SPAAL INDUSTRIA E COMERCIO LTD                                                                                                                                 00753243
0010001300001G 01341999475000012466211261237466314464536390002002847287000115GILTON NEVES DA SILVA BORR EPP160920230000000001246620000000000000000924615           0000000000000001031708202304627051800014600000000000000000000000000016092033 
0010001300002H 010000000000000000                                        000000000000000000000000000000000000000000000000117092023000000000004200000000000000000                                                                                
0010001300003G 01033949474000070144594947290000001077346001042005701847000117MOMENTIVE PERFORMANCE MATERIAL1509202300000000070144500000000000000009000137157001    0000000000000001021808202304627051800014600000000000000000000000011113032024 
0010001300004G 01033999474000070144594947290000001077347901042005701847000117MOMENTIVE PERFORMANCE MATERIAL1509202300000000070144500000000000000009000137158001    0000000000000001021808202304627051800014600000000000000000000000011113032024 
0010001300005G 01237969480000048908402720932330000001015222502013310799000164FAST BUSINESS SERVICOS ESPECIA210920230000000004890840000000000000000922947           0000000000000001021708202304627051800014600000000000000000000000010520112023 
0010001300006H 012005411171000127SYSTEMBOR IND E COM DE ARTEF DE BORRACHA000000000000000000000000000000000000000000000000222092023000000000000300000000000000000                                                                                
0010001300007G 01341969474000044358810900035433072432144470002052495579000104CROSLIN COMPOSTOS B LTDA      150920230000000004435880000000000000000941676           0000000000000001021808202304627051800014600000000000000000000000000015092033 
0010001300008G 01033939460000048965390167897000000000379401042003198190000191FIXARTE INDUSTRIA E COMERCIO L0109202300000000048965300000000000000009F001145601      0000000000000001020208202304627051800014600000000000000000000000010528022024 
0010001300009G 01341969472000024154215600001852002119985960002005461576000170PINUS PASEMA PAPEIS LTDA      13092023000000000241542000000000000000099089            0000000000000001022108202304627051800014600000000000000000000000000013092033 
0010001300010H 010000000000000000                                        000000000000000000000000000000000000000000000000114092023000000000004831000000000000000                                                                                
0010001300011G 01341949484000028621910900569615001379344020002009328663000104GRUPO GONCALVES DIAS S A      250920230000000002862190000000000000000906991082        0000000000000001031908202304627051800014600000000000000000000000000025092033 
0010001300012G 01341969477000031412810900569614301379344020002009328663000104GRUPO GONCALVES DIAS S A      180920230000000003141280000000000000000906991081        0000000000000001031908202304627051800014600000000000000000000000000018092033 
0010001300013G 01341949491000028621910900569616801379344020002009328663000104GRUPO GONCALVES DIAS S A      021020230000000002862190000000000000000906991083        0000000000000001031908202304627051800014600000000000000000000000000002102033 
0010001300014G 01237989488000013944324220900000026388002773002036112686000150PROSPERITY SECURITIZADORA S.A.290920230000000001394430000000000000000933183           0000000000000001021808202304627051800014600000000000000000000000000028112023 
0010001300015H 012029846341000164SELBER TRATAMENTO DE METAIS LTDA        000000000000000000000000000000000000000000000000230092023000000000000200000000000000000                                                                                
0010001300016G 01341939470000007200011261402996805853217220002000006615000125MASTER DIAMOND FERR LTDA      11092023000000000072000000000000000000092330288         0000000000000001031408202304627051800014600000000000000000000000000011092033 
00100015         000018000000000004289428                                                                                                                                                                                                       
00199999         000001000020000000                                                                                                                                                            00000000000000000000000000000                    
