00100000         2462705180001460007532430126       0334800000001104950 SPAAL INDUSTRIA E COMERCIO LTDBANCO DO BRASIL                         21507202306311400098703000000201190761CBR438                                                      
0010001110300010 20462705180001460007532430126       0334800000001104950 SPAAL INDUSTRIA E COMERCIO LTD                                                                                                                                 00753243
0010001300001G 01001999438000049374806233992079035400009621112085515112000138CARDOSO INDUSTRIA COMERCIO E R10082023000000000493748000000000000000090001259501      0000000000000001151407202304627051800014600000000000000000000000000010082023 
0010001300002G 01001999453000042711806233992080035400009621112085515112000138CARDOSO INDUSTRIA COMERCIO E R25082023000000000427118000000000000000090001259502      0000000000000001151407202304627051800014600000000000000000000000000025082023 
0010001300003G 01001919468000042711906233992081035400009621112085515112000138CARDOSO INDUSTRIA COMERCIO E R09092023000000000427119000000000000000090001259503      0000000000000001151407202304627051800014600000000000000000000000000009092023 
0010001300004G 01001969416000007800000000012252330003462001172061092565000130NEO-TAGUS INDUSTRIAL LTDA.    1907202300000000007800000000000000000009000146346       0000000000000001151407202304627051800014600000000000000000000000000019072023 
00100015         000006000000000001425985                                                                                                                                                                                                       
00199999         000001000008000000                                                                                                                                                            00000000000000000000000000000                    
