00100000         2462705180001460007532430126       0334800000001104950 SPAAL INDUSTRIA E COMERCIO LTDBANCO DO BRASIL                         21808202306310700103503000000201190761CBR438                                                      
0010001110300010 20462705180001460007532430126       0334800000001104950 SPAAL INDUSTRIA E COMERCIO LTD                                                                                                                                 00753243
0010001300001G 01001939463000118861400000030507630000003866172061360848000116INDUSTRIA E COMERCIO DE PECAS 040920230000000011886140000000000000000907710           0000000000000001151708202304627051800014600000000000000000000000000004092023 
0010001300002H 010000000000000000                                        000000000000000000000000000000000000000000000000204092023000000000000200000000000000000                                                                                
00100015         000004000000000001188614                                                                                                                                                                                                       
00199999         000001000006000000                                                                                                                                                            00000000000000000000000000000                    
