00100000         2462705180001460007532430126       0334800000001104950 SPAAL INDUSTRIA E COMERCIO LTDBANCO DO BRASIL                         22609202306314100109003000000201190761CBR438                                                      
0010001110300010 20462705180001460007532430126       0334800000001104950 SPAAL INDUSTRIA E COMERCIO LTD                                                                                                                                 00753243
0010001300001G 01341979505000043540010900035612972432144470002052495579000104CROSLIN COMPOSTOS B LTDA      161020230000000004354000000000000000000941868           0000000000000001021809202304627051800014600000000000000000000000000016102033 
0010001300002G 01237929501000022115600900932680000034000405302010636869000180LANDOFER COMERCIAL LTDA EPP   121020230000000002211560000000000000000938489           0000000000000001022509202304627051800014600000000000000000000000000011122023 
0010001300003G 01237919512000005547523720932680002169003252002061069373000103LEO MADEIRAS MAQUINAS E FERRAG23102023000000000055475000000000000000099513481987      0000000000000001022309202304627051800014600000000000000000000000000022112023 
0010001300004G 01341919498000002500010900152175501745396010002046220369000291D-SAAS TECN DESENV SOFTWARE LT0910202300000000002500000000000000000009                0000000000000001022409202304627051800014600000000000000000000000000009102033 
0010001300005G 01237919488000006978911700900006057808000027102043428065000145SOFIX INTERNET                29092023000000000069789000000000000000090006057808      0000000000000001322409202304627051800014600000000000000000000000000029092023 
0010001300006G 01341919516000026500011267989275507347786240002045949294000130SIGNA MATIC DO BRASIL LTDA    2710202300000000026500000000000000000009021361/01       0000000000000003032109202304627051800014600000000000000000000000000027102033 
0010001300007G 01341999514000176400015700040019600489117620002007296051000151VIVA CLEAN C P L M LTDA ME    2510202300000000176400000000000000000009667             0000000000000001042509202304627051800014600000000000000000000000000025102033 
0010001300008H 010000000000000000                                        000000000000000000000000000000000000000000000000126102023000000000088200000000000000000                                                                                
0010001300009G 01077929511000020000000011120769767010923054812012087690000147GERLON FRANKILE DA SILVA ROCHA22102023000000000200000000000000000000091149            0000000000000001022509202304627051800014600000000000000000000000000021122023 
0010001300010H 012012087690000147GERLON FRANKILE DA SILVA ROCHA          000000000000000000000000000000000000000000000000223102023000000000001000000000000000000                                                                                
0010001300011G 01237989512000085400014640932680000002001706002001123326000179VATEC COMPONENTES LTDA        23102023000000000854000000000000000000090148            0000000000000001022509202304627051800014600000000000000000000000000022122023 
0010001300012G 01341929508000007143110900018892516902057920002008225282000137ROCHA TOOLS C P S F G LTDA    1910202300000000007143100000000000000009561540001       0000000000000001032109202304627051800014600000000000000000000000000019102033 
0010001300013G 01237969513000039474114510900000021201003605502042580318000139VNF FACTORING MERCANTIL DE NEG24102023000000000394741000000000000000092120-1          0000000000000001022509202304627051800014600000000000000000000000000023122023 
0010001300014H 012041575733000131QPLAST IND E COM EMB PLAST EIRELI       000000000000000000000000000000000000000000000000300000000000000000000000000000000000000                                                                                
0010001300015G 01237999527000039474114510900000021203003605502042580318000139VNF FACTORING MERCANTIL DE NEG07112023000000000394741000000000000000092120-3          0000000000000001022509202304627051800014600000000000000000000000000006012024 
0010001300016H 012041575733000131QPLAST IND E COM EMB PLAST EIRELI       000000000000000000000000000000000000000000000000300000000000000000000000000000000000000                                                                                
0010001300017G 01237929520000039474114510900000021202003605502042580318000139VNF FACTORING MERCANTIL DE NEG31102023000000000394741000000000000000092120-2          0000000000000001022509202304627051800014600000000000000000000000000030122023 
0010001300018H 012041575733000131QPLAST IND E COM EMB PLAST EIRELI       000000000000000000000000000000000000000000000000300000000000000000000000000000000000000                                                                                
0010001300019G 01341939509000009500010900014441302532844000002005411215000119DM5 PRODUTOS ELETRICOS LTDA   2010202300000000009500000000000000000009046298          0000000000000001032209202304627051800014600000000000000000000000000020102033 
0010001300020G 01341999514000120000015700043224000827176200002077708097000116MAURICIO GAMA CONFECCOES ME   251020230000000012000000000000000000000911757           0000000000000001032509202304627051800014600000000000000000000000000025102033 
0010001300021H 010000000000000000                                        000000000000000000000000000000000000000000000000126102023000000000012000000000000000000                                                                                
00100015         000023000000000006440474                                                                                                                                                                                                       
00199999         000001000025000000                                                                                                                                                            00000000000000000000000000000                    
