00100000         2462705180001460007532430126       0334800000001104950 SPAAL INDUSTRIA E COMERCIO LTDBANCO DO BRASIL                         21509202306310300107603000000201190761CBR438                                                      
0010001110300010 20462705180001460007532430126       0334800000001104950 SPAAL INDUSTRIA E COMERCIO LTD                                                                                                                                 00753243
0010001300001G 01033959474000002747395875269000000045323401012073090169000153AUTO POSTO DAS OLIVEIRAS KM 271509202300000000002747300000000000000009000031661       0000000000000001021209202304627051800014600000000000000000000000000013032024 
0010001300002H 010000000000000000                                        000000000000000000000000000000000000000000000000116092023000000000000275000000000000000                                                                                
0010001300003G 01364950000000009752000007000283140000000078332054945746000105ELETRODIESEL COMERCIAL EIRELI 1210202300000000009752000000000000000009                0000000000000001021409202304627051800014600000000000000000000000000010012024 
0010001300004H 012054945746000105ELETRODIESEL COMERCIAL LTDA             000000000000000000000000000000000000000000000000213102023000000000001000000000000000000                                                                                
0010001300005G 01341919506000043490711265884953700928116290002007834343000109BUSINESS BANK FOM MERC LTDA   171020230000000004349070000000000000000923025           0000000000000001031209202304627051800014600000000000000000000000000017102033 
0010001300006H 012005411171000127SYSTEMBOR IND E COM DE ARTEF D          000000000000000000000000000000000000000000000000300000000000000000000000000000000000000                                                                                
0010001300007G 01237949500000254972936830932570000005000022202089772065000169METALURGICA HASSMANN S.A.     11102023000000002549729000000000000000090479742 01      0000000000000001021309202304627051800014600000000000000000000000010510122023 
0010001300008G 01341919484000067768910900964999400042865890002047680798000123ADP BRASIL LTDA               2509202300000000067768900000000000000009001369791       0000000000000001051209202304627051800014600000000000000000000000000025092033 
0010001300009H 010000000000000000                                        000000000000000000000000000000000000000000000000126092023000000000013553000000000000000                                                                                
0010001300010G 01341959495000078166010900041688100693430280002053561619000131COMERCIAL ORLANDI LTDA        061020230000000007816600000000000000000925796A          0000000000000001030609202304627051800014600000000000000000000000000006102033 
0010001300011G 01341979510000078166010900041689900693430280002053561619000131COMERCIAL ORLANDI LTDA        211020230000000007816600000000000000000925796B          0000000000000001030609202304627051800014600000000000000000000000000021102033 
0010001300012G 01748919499000009280011231000396072647074811042009222804000100NAGAMURA E MARQUES FERRAMENTAS10102023000000000092800000000000000000091704            0000000000000001031409202304627051800014600000000000000000000000000007102033 
0010001300013H 010000000000000000                                        000000000000000000000000000000000000000000000000211102023000000000000300000000000000000                                                                                
0010001300014G 01341959530000021299511266018838702021228340002002275654000153GRAFICA SUPREMA EMB LTDA      101120230000000002129950000000000000000957817   3       0000000000000003021109202304627051800014600000000000000000000000000010112033 
0010001300015G 01341919492000018522510955587877584934294460002001597589000209CONSIGAZ DISTRIB DE GAS LTDA  03102023000000000185225000000000000000090009861         0000000000000001991409202304627051800014600000000000000000000000000003102033 
0010001300016H 010000000000000000                                        000000000000000000000000000000000000000000000000104102023000000000003704000000000000000                                                                                
0010001300017G 01341979485000033750215700044699071531566460002026455466000175CORTACO COM DE ACO E CONEXOES 260920230000000003375020000000000000000910800-A         0000000000000001021409202304627051800014600000000000000000000000000026092033 
0010001300018H 010000000000000000                                        000000000000000000000000000000000000000000000000127092023000000000001114000000000000000                                                                                
0010001300019G 01341989499000033750215700044701471531566460002026455466000175CORTACO COM DE ACO E CONEXOES 101020230000000003375020000000000000000910800-C         0000000000000001021409202304627051800014600000000000000000000000000010102033 
0010001300020H 010000000000000000                                        000000000000000000000000000000000000000000000000111102023000000000001114000000000000000                                                                                
0010001300021G 01341949492000033750215700044700671531566460002026455466000175CORTACO COM DE ACO E CONEXOES 031020230000000003375020000000000000000910800-B         0000000000000001021409202304627051800014600000000000000000000000000003102033 
0010001300022H 010000000000000000                                        000000000000000000000000000000000000000000000000104102023000000000001114000000000000000                                                                                
0010001300023G 01341929506000033750115700044702271531566460002026455466000175CORTACO COM DE ACO E CONEXOES 171020230000000003375010000000000000000910800-D         0000000000000001021409202304627051800014600000000000000000000000000017102033 
0010001300024H 010000000000000000                                        000000000000000000000000000000000000000000000000118102023000000000001114000000000000000                                                                                
0010001300025G 01748959502000075507511231000540072647074811022009222804000100NAGAMURA E MARQUES FERRAMENTAS13102023000000000755075000000000000000091715            0000000000000001031409202304627051800014600000000000000000000000000010102033 
0010001300026H 010000000000000000                                        000000000000000000000000000000000000000000000000216102023000000000000300000000000000000                                                                                
0010001300027G 01341919483000181425015700040116756890634840002030749435000102SIDNEY RICARDO F 34110567890  24092023000000001814250000000000000000091-37            0000000000000001051409202304627051800014600000000000000000000000000024092033 
0010001300028H 010000000000000000                                        000000000000000000000000000000000000000000000000125092023000000000090713000000000000000                                                                                
00100015         000030000000000009760990                                                                                                                                                                                                       
00199999         000001000032000000                                                                                                                                                            00000000000000000000000000000                    
