00100000         2462705180001460007532430126       0334800000001104950 SPAAL INDUSTRIA E COMERCIO LTDBANCO DO BRASIL                         22208202306313900104003000000201190761CBR438                                                      
0010001110300010 20462705180001460007532430126       0334800000001104950 SPAAL INDUSTRIA E COMERCIO LTD                                                                                                                                 00753243
0010001300001G 01001999459000016712400000015943380000875653172008848231000161ATUAL CARGAS TRANSPORTES LTDA 31082023000000000167124000000000000000090013549168      0000000000000001152108202304627051800014600000000000000000000000010631082023 
0010001300002H 010000000000000000                                        000000000000000000000000000000000000000000000000231082023000000000000200000000000000000                                                                                
00100015         000004000000000000167124                                                                                                                                                                                                       
00199999         000001000006000000                                                                                                                                                            00000000000000000000000000000                    
