00100000         2462705180001460007532430126       0334800000001104950 SPAAL INDUSTRIA E COMERCIO LTDBANCO DO BRASIL                         21008202306311400102503000000201190761CBR438                                                      
0010001110300010 20462705180001460007532430126       0334800000001104950 SPAAL INDUSTRIA E COMERCIO LTD                                                                                                                                 00753243
0010001300001G 01001989464000010000006235475790332200204136312062014030000104IMPORTADORA DE ROLAMENTOS RADI05092023000000000100000000000000000000090174378201      0000000000000003150908202304627051800014600000000000000000000000020305092023 
0010001300002G 01001979465000164000800000024005230000007616172065798589000160KENTUCKY INDUSTRIA E COMERCIO 06092023000000001640008000000000000000090093547C01      0000000000000001150908202304627051800014600000000000000000000000010706092023 
0010001300003G 01001959480000164000800000024005230000007617172065798589000160KENTUCKY INDUSTRIA E COMERCIO 21092023000000001640008000000000000000090093547C02      0000000000000001150908202304627051800014600000000000000000000000010721092023 
0010001300004G 01001939495000164000800000024005230000007618172065798589000160KENTUCKY INDUSTRIA E COMERCIO 06102023000000001640008000000000000000090093547C03      0000000000000001150908202304627051800014600000000000000000000000010706102023 
0010001300005G 01001989512000164000900000024005230000007619172065798589000160KENTUCKY INDUSTRIA E COMERCIO 23102023000000001640009000000000000000090093547C04      0000000000000001150908202304627051800014600000000000000000000000010723102023 
00100015         000007000000000006660033                                                                                                                                                                                                       
00199999         000001000009000000                                                                                                                                                            00000000000000000000000000000                    
