00100000         2462705180001460007532430126       0334800000001104950 SPAAL INDUSTRIA E COMERCIO LTDBANCO DO BRASIL                         22408202306310100104503000000201190761CBR438                                                      
0010001110300010 20462705180001460007532430126       0334800000001104950 SPAAL INDUSTRIA E COMERCIO LTD                                                                                                                                 00753243
0010001300001G 01341949477000031466410910167782602875393160002047978428000177SALES DISTRIBUIDORA LTDA      1809202300000000031466400000000000000009002432171       0000000000000001032108202304627051800014600000000000000000000000000018092033 
0010001300002G 01237979460000330440221990913323001474000338402048876445000166CAMP CAXINGUI                 010920230000000033044020000000000000000911046-151       0000000000000001021808202304627051800014600000000000000000000000000031102023 
0010001300003H 010000000000000000                                        000000000000000000000000000000000000000000000000202092023000000000000200000000000000000                                                                                
0010001300004G 01341969479000015600015700040371332471952780002010831061000154MG LASER INFORMATICA LTDA ME  20092023000000000156000000000000000000092164            0000000000000001032308202304627051800014600000000000000000000000000020092033 
0010001300005H 010000000000000000                                        000000000000000000000000000000000000000000000000121092023000000000003120000000000000000                                                                                
0010001300006G 01756949465000006000014285010010731301133110012062248620000100SINDICATO DOS METALURGICOS DE 0609202300000000006000000000000000000009000000003301133 0000000000000001022308202304627051800014600000000000000000000000000003032024 
0010001300007G 01341939506000046834211262008083112480824870002062232889000190BANCO DAYCOVAL S A            17102023000000000468342000000000000000090003682404      0000000000000001031808202304627051800014600000000000000000000000000017102033 
0010001300008H 012054800768000179SHOCK METAIS NAO FERROSOS LTDA          000000000000000000000000000000000000000000000000300000000000000000000000000000000000000                                                                                
0010001300009G 01341929496000046834211262008084912480824870002062232889000190BANCO DAYCOVAL S A            07102023000000000468342000000000000000090003682403      0000000000000001031808202304627051800014600000000000000000000000000007102033 
0010001300010H 012054800768000179SHOCK METAIS NAO FERROSOS LTDA          000000000000000000000000000000000000000000000000300000000000000000000000000000000000000                                                                                
0010001300011G 01341989466000006689310901614558104450023060002058188756000196BANDEIRANTES DEICMAR L I S A  0709202300000000006689300000000000000009894776.1        0000000000000001022308202304627051800014600000000000000000000000000007092033 
0010001300012H 010000000000000000                                        000000000000000000000000000000000000000000000000108092023000000000001338000000000000000                                                                                
00100015         000014000000000004838643                                                                                                                                                                                                       
00199999         000001000016000000                                                                                                                                                            00000000000000000000000000000                    
