00100000         2462705180001460007532430126       0334800000001104950 SPAAL INDUSTRIA E COMERCIO LTDBANCO DO BRASIL                         21908202306310500103803000000201190761CBR438                                                      
0010001110300010 20462705180001460007532430126       0334800000001104950 SPAAL INDUSTRIA E COMERCIO LTD                                                                                                                                 00753243
0010001300001G 01001949472000008501500000030012550000005355172014436504000163EKOLIMP DESCARTAVEIS LTDA ME  1309202300000000008501500000000000000009000473371       0000000000000001151808202304627051800014600000000000000000000000000013092023 
0010001300002H 010000000000000000                                        000000000000000000000000000000000000000000000000113092023000000000001700000000000000000                                                                                
0010001300003G 01001929473000010138606236009832332200204136312062014030000104IMPORTADORA DE ROLAMENTOS RADI14092023000000000101386000000000000000090174835401      0000000000000003151808202304627051800014600000000000000000000000020314092023 
0010001300004G 01001939489000018855806236017104336900001379312002275654000153GRAFICA SUPREMA EMBALAGENS LTD3009202300000000018855800000000000000009 57455   2      0000000000000003151808202304627051800014600000000000000000000000020530092023 
0010001300005G 01001969504000018855806236017105336900001379312002275654000153GRAFICA SUPREMA EMBALAGENS LTD1510202300000000018855800000000000000009 57455   3      0000000000000003151808202304627051800014600000000000000000000000020515102023 
0010001300006G 01001959474000046416406236015679336900050555312050748748000145CARTONAGEM JAUENSE LTDA       1509202300000000046416400000000000000009115043   1      0000000000000003151808202304627051800014600000000000000000000000020515092023 
0010001300007G 01001919489000046402506236015680336900050555312050748748000145CARTONAGEM JAUENSE LTDA       3009202300000000046402500000000000000009115043   2      0000000000000003151808202304627051800014600000000000000000000000020530092023 
0010001300008G 01001939504000046402506236015681336900050555312050748748000145CARTONAGEM JAUENSE LTDA       1510202300000000046402500000000000000009115043   3      0000000000000003151808202304627051800014600000000000000000000000020515102023 
00100015         000010000000000001955731                                                                                                                                                                                                       
00199999         000001000012000000                                                                                                                                                            00000000000000000000000000000                    
