00100000         2462705180001460007532430126       0334800000001104950 SPAAL INDUSTRIA E COMERCIO LTDBANCO DO BRASIL                         22609202306314100108903000000201190761CBR438                                                      
0010001110300010 20462705180001460007532430126       0334800000001104950 SPAAL INDUSTRIA E COMERCIO LTD                                                                                                                                 00753243
0010001300001G 01001929494000001170800000015943380000887305172008848231000161ATUAL CARGAS TRANSPORTES LTDA 05102023000000000011708000000000000000090013673021      0000000000000001152509202304627051800014600000000000000000000000010605102023 
0010001300002H 010000000000000000                                        000000000000000000000000000000000000000000000000205102023000000000000200000000000000000                                                                                
00100015         000004000000000000011708                                                                                                                                                                                                       
00199999         000001000006000000                                                                                                                                                            00000000000000000000000000000                    
