00100000         2462705180001460007532430126       0334800000001104950 SPAAL INDUSTRIA E COMERCIO LTDBANCO DO BRASIL                         22207202306311200099803000000201190761CBR438                                                      
0010001110300010 20462705180001460007532430126       0334800000001104950 SPAAL INDUSTRIA E COMERCIO LTD                                                                                                                                 00753243
0010001300001G 01001949438000000751106234345180191400004400112043283811000150KALUNGA SA                    10082023000000000007511000000000000000099500443401      0000000000000001152107202304627051800014600000000000000000000000000010082023 
0010001300002H 010000000000000000                                        000000000000000000000000000000000000000000000000210082023000000000000200000000000000000                                                                                
00100015         000004000000000000007511                                                                                                                                                                                                       
00199999         000001000006000000                                                                                                                                                            00000000000000000000000000000                    
