00100000         2462705180001460007532430126       0334800000001104950 SPAAL INDUSTRIA E COMERCIO LTDBANCO DO BRASIL                         21508202306311700103003000000201190761CBR438                                                      
0010001110300010 20462705180001460007532430126       0334800000001104950 SPAAL INDUSTRIA E COMERCIO LTD                                                                                                                                 00753243
0010001300001G 01341929476000137108410900041276500693430280002053561619000131COMERCIAL ORLANDI LTDA        170920230000000013710840000000000000000925277D          0000000000000001030407202304627051800014600000000000000000000000000017092033 
0010001300002G 01341969476000136584910900041275700693430280002053561619000131COMERCIAL ORLANDI LTDA        170920230000000013658490000000000000000925276D          0000000000000001030407202304627051800014600000000000000000000000000017092033 
0010001300003G 01341919468000207755010900041289800693430280002053561619000131COMERCIAL ORLANDI LTDA        090920230000000020775500000000000000000925587A          0000000000000001031008202304627051800014600000000000000000000000000009092033 
0010001300004G 01341999469000007875210900010442402636253030002096513486000130MEC Q COM SERV METR IND LTDA  1009202300000000007875200000000000000009000035445       0000000000000001031108202304627051800014600000000000000000000000000010092033 
0010001300005H 010000000000000000                                        000000000000000000000000000000000000000000000000112092023000000000001575000000000000000                                                                                
0010001300006G 01341949470000198420015700042665703600773170002046853669000127ELETROEROSAO JAPAX IND COM LT 110920230000000019842000000000000000000940.657          0000000000000001021408202304627051800014600000000000000000000000000011092033 
0010001300007G 01341919453000067123510900959167500042865890002047680798000123ADP BRASIL LTDA               2508202300000000067123500000000000000009001364118       0000000000000001051108202304627051800014600000000000000000000000000025082033 
0010001300008H 010000000000000000                                        000000000000000000000000000000000000000000000000126082023000000000013425000000000000000                                                                                
0010001300009G 01422999467000044199871410000585217800003873322066137993000156COPELI INDUSTRIA E COMERCIO D 0809202300000000044199800000000000000009250747-1        0000000000000001021108202304627051800014600000000000000000000000010507122023 
0010001300010H 010000000000000000                                        000000000000000000000000000000000000000000000000209092023000000000000200000000000000000                                                                                
0010001300011G 01341919470000072146811259989006100191545090002062152335000182RICHARD KLINGER IND E COM LTDA11092023000000000721468000000000000000090006773301      0000000000000001020708202304627051800014600000000000000000000000000011092033 
0010001300012G 01341919482000011000015700003722500925382300002044358562000187TEAM TEC ESP APAR MED CON LTDA230920230000000001100000000000000000000929104           0000000000000001031408202304627051800014600000000000000000000000000023092033 
0010001300013G 01237989445000006398004660900492101751004050002042145661000155STPN                          17082023000000000063980000000000000000090492101751      0000000000000001321408202304627051800014600000000000000000000000000017082023 
00100015         000015000000000008886116                                                                                                                                                                                                       
00199999         000001000017000000                                                                                                                                                            00000000000000000000000000000                    
