00100000         2462705180001460007532430126       0334800000001104950 SPAAL INDUSTRIA E COMERCIO LTDBANCO DO BRASIL                         22709202306310500109203000000201190761CBR438                                                      
0010001110300010 20462705180001460007532430126       0334800000001104950 SPAAL INDUSTRIA E COMERCIO LTD                                                                                                                                 00753243
0010001300001G 01237939499000005406733800900038046141001264502002351877000152LOCAWEB                       10102023000000000054067000000000000000090038046141      0000000000000001022509202304627051800014600000000000000000000000000009122023 
0010001300002G 01341919513000146754015700042782003600773170002046853669000127ELETROEROSAO JAPAX IND COM LT 241020230000000014675400000000000000000940.799          0000000000000001022609202304627051800014600000000000000000000000000024102033 
0010001300003G 01341919515000109102010900001806801922186000002001342006000100RK COMPONENTES INDUSTRIAS LTDA261020230000000010910200000000000000000916381-2         0000000000000001032109202304627051800014600000000000000000000000000026102033 
0010001300004G 01341919508000109102010900001805001922186000002001342006000100RK COMPONENTES INDUSTRIAS LTDA191020230000000010910200000000000000000916381-1         0000000000000001032109202304627051800014600000000000000000000000000019102033 
0010001300005G 01341989523000109101910900001807601922186000002001342006000100RK COMPONENTES INDUSTRIAS LTDA031120230000000010910190000000000000000916381-3         0000000000000001032109202304627051800014600000000000000000000000000003112033 
0010001300006G 01033919488000001375395875269000000045398601012073090169000153AUTO POSTO DAS OLIVEIRAS KM 272909202300000000001375300000000000000009000031748       0000000000000001022609202304627051800014600000000000000000000000000027032024 
0010001300007H 010000000000000000                                        000000000000000000000000000000000000000000000000130092023000000000000138000000000000000                                                                                
0010001300008G 01341929502000001247810900150851929385530430002037828752000155URBANO INSTDE PAGA SA         13102023000000000012478000000000000000092309169396      0000000000000001022609202304627051800014600000000000000000000000000012122023 
0010001300009H 012048740351000165BRASPRESS TRANSPORTES URGENTES LTDA     000000000000000000000000000000000000000000000000114102023000000000000249000000000000000                                                                                
0010001300010G 01341969505000005605010955773097284934753160002029035398000183CONSIGAZ CILINDROS LTDA       16102023000000000056050000000000000000090003385         0000000000000001992509202304627051800014600000000000000000000000000016102033 
0010001300011H 010000000000000000                                        000000000000000000000000000000000000000000000000117102023000000000001121000000000000000                                                                                
0010001300012G 01341919519000027238015700000094716349986010002041342781000180MECAN PARTS COMERCIO DE PECAS 3010202300000000027238000000000000000009130             0000000000000001022609202304627051800014600000000000000000000000000030102033 
0010001300013G 01341979519000006544015700000095416349986010002041342781000180MECAN PARTS COMERCIO DE PECAS 3010202300000000006544000000000000000009                0000000000000001022609202304627051800014600000000000000000000000000030102033 
0010001300014G 01341959512000046830010900021320302952901670002090629601000150INTERQUIMICA COM IND PROD Q LT23102023000000000468300000000000000000090001020-2       0000000000000001031809202304627051800014600000000000000000000000000023102033 
0010001300015G 01341999505000046842610900021319502952901670002090629601000150INTERQUIMICA COM IND PROD Q LT16102023000000000468426000000000000000090001020-1       0000000000000001031809202304627051800014600000000000000000000000000016102033 
0010001300016G 01341999519000046830010900021321102952901670002090629601000150INTERQUIMICA COM IND PROD Q LT30102023000000000468300000000000000000090001020-3       0000000000000001031809202304627051800014600000000000000000000000000030102033 
0010001300017G 01341929516000009370015700051752864050454820002059832584000104IDEIA 2001 INFORMATICA LTDA   271020230000000000937000000000000000000936.131          0000000000000001042609202304627051800014600000000000000000000000000027102033 
0010001300018H 010000000000000000                                        000000000000000000000000000000000000000000000000128102023000000000001874000000000000000                                                                                
0010001300019G 01341919495000010049010901945893204450023060002058188756000196BANDEIRANTES DEICMAR L I S A  0610202300000000010049000000000000000009911583.1        0000000000000001022609202304627051800014600000000000000000000000000006102033 
0010001300020H 010000000000000000                                        000000000000000000000000000000000000000000000000107102023000000000002009000000000000000                                                                                
0010001300021G 01341929508000020267011268535369301763246970002054429345000194AURIQUIMICA LTDA              1910202300000000020267000000000000000009024488401       0000000000000001032109202304627051800014600000000000000000000000000019102033 
0010001300022G 01237969512000005244425750900000022406005460002035960860000151SKYCRED SECURITIZADORA SA     231020230000000000524440000000000000000934288           0000000000000001022509202304627051800014600000000000000000000000000022122023 
0010001300023H 012029846341000164SELBER TRATAMENTO DE METAIS LTDA        000000000000000000000000000000000000000000000000224102023000000000000200000000000000000                                                                                
0010001300024G 01033939509000007298394845013000003217272901042060889128000180BANCO SOFISA S/A              2010202300000000007298300000000000000009518733001       0000000000000001022009202304627051800014600000000000000000000000010517042024 
0010001300025H 012055183248001018FORMILINE INDUSTRIA DE LAMINADOS L      000000000000000000000000000000000000000000000000121102023000000000000146000000000000000                                                                                
0010001300026G 01033979524000006344794845013000003217273701042060889128000180BANCO SOFISA S/A              0411202300000000006344700000000000000009518733002       0000000000000001022009202304627051800014600000000000000000000000010502052024 
0010001300027H 012055183248001018FORMILINE INDUSTRIA DE LAMINADOS L      000000000000000000000000000000000000000000000000105112023000000000000127000000000000000                                                                                
0010001300028G 01033919539000006344894845013000003217274501042060889128000180BANCO SOFISA S/A              1911202300000000006344800000000000000009518733003       0000000000000001022009202304627051800014600000000000000000000000010517052024 
0010001300029H 012055183248001018FORMILINE INDUSTRIA DE LAMINADOS L      000000000000000000000000000000000000000000000000120112023000000000000127000000000000000                                                                                
0010001300030G 01033989514000042001098639949000000000168501012022607520000108CASTELO COMERCIO DE EQUIPAMENT25102023000000000420010000000000000000093312            0000000000000001022609202304627051800014600000000000000000000000000022042024 
0010001300031H 010000000000000000                                        000000000000000000000000000000000000000000000000127102023000000000042001000000000000000                                                                                
00100015         000033000000000007688985                                                                                                                                                                                                       
00199999         000001000035000000                                                                                                                                                            00000000000000000000000000000                    
