00100000         2462705180001460007532430126       0334800000001104950 SPAAL INDUSTRIA E COMERCIO LTDBANCO DO BRASIL                         21309202306310700107203000000201190761CBR438                                                      
0010001110300010 20462705180001460007532430126       0334800000001104950 SPAAL INDUSTRIA E COMERCIO LTD                                                                                                                                 00753243
0010001300001G 01341949506000058600010900045715500782348120002003005648000149MAKROSEALS COMP INDS LTDA     17102023000000000586000000000000000000091013907/01      0000000000000001031209202304627051800014600000000000000000000000000017102033 
0010001300002H 010000000000000000                                        000000000000000000000000000000000000000000000000119102023000000000046880000000000000000                                                                                
0010001300003G 01341999492000023594115600041585600183707420002002060694000188BLASTINGCENTER JAT PINT LTDA  031020230000000002359410000000000000000924629           0000000000000001031209202304627051800014600000000000000000000000000003102033 
0010001300004G 01341949498000011549210900066243505685846840002003114171000130BORFER FERRAGENS FERRAMENTA LT0910202300000000011549200000000000000009136783/1        0000000000000001031109202304627051800014600000000000000000000000000009102033 
0010001300005H 010000000000000000                                        000000000000000000000000000000000000000000000000111102023000000000002310000000000000000                                                                                
0010001300006G 01077949498000030000000011120769767010849129062012087690000147GERLON FRANKILE DA SILVA ROCHA09102023000000000300000000000000000000091148            0000000000000001021209202304627051800014600000000000000000000000000008122023 
0010001300007H 012012087690000147GERLON FRANKILE DA SILVA ROCHA          000000000000000000000000000000000000000000000000210102023000000000001000000000000000000                                                                                
0010001300008G 01341959491000004203710955508766484934753160002029035398000183CONSIGAZ CILINDROS LTDA       02102023000000000042037000000000000000090003449         0000000000000001991109202304627051800014600000000000000000000000000002102033 
0010001300009H 010000000000000000                                        000000000000000000000000000000000000000000000000103102023000000000000840000000000000000                                                                                
0010001300010G 01341919493000022776010900022494903551381080002060717899000190ELETRONICA SANTANA EIRELI     04102023000000000227760000000000000000090000075879      0000000000000003030609202304627051800014600000000000000000000000000004102033 
0010001300011G 01341929502000007653311265560166716085555020002027771613000189CONQUEST B F I E D CRED MULTI 131020230000000000765330000000000000000970862-001       0000000000000001031109202304627051800014600000000000000000000000000013102033 
0010001300012H 012004547319000192INTERNACIONAL RUBBER SEALS IND          000000000000000000000000000000000000000000000000114102023000000000001530000000000000000                                                                                
0010001300013G 01341999502000019988011265560164216085555020002027771613000189CONQUEST B F I E D CRED MULTI 131020230000000001998800000000000000000970864-001       0000000000000001031109202304627051800014600000000000000000000000000013102033 
0010001300014H 012004547319000192INTERNACIONAL RUBBER SEALS IND          000000000000000000000000000000000000000000000000114102023000000000003997000000000000000                                                                                
0010001300015G 01341989502000007653311265560167516085555020002027771613000189CONQUEST B F I E D CRED MULTI 131020230000000000765330000000000000000970861-001       0000000000000001031109202304627051800014600000000000000000000000000013102033 
0010001300016H 012004547319000192INTERNACIONAL RUBBER SEALS IND          000000000000000000000000000000000000000000000000114102023000000000001530000000000000000                                                                                
0010001300017G 01341979502000019988011265560165916085555020002027771613000189CONQUEST B F I E D CRED MULTI 131020230000000001998800000000000000000970863-001       0000000000000001031109202304627051800014600000000000000000000000000013102033 
0010001300018H 012004547319000192INTERNACIONAL RUBBER SEALS IND          000000000000000000000000000000000000000000000000114102023000000000003997000000000000000                                                                                
0010001300019G 01341949502000040112811265560168316085555020002027771613000189CONQUEST B F I E D CRED MULTI 131020230000000004011280000000000000000970860-001       0000000000000001031109202304627051800014600000000000000000000000000013102033 
0010001300020H 012004547319000192INTERNACIONAL RUBBER SEALS IND          000000000000000000000000000000000000000000000000114102023000000000008022000000000000000                                                                                
0010001300021G 01237919495000180600006570932550000031000026302051182194000124BYG TRANSEQUIP                0610202300000000180600000000000000000009089703          0000000000000001020809202304627051800014600000000000000000000000000005122023 
0010001300022G 01237919500000017166633900932550000023000291302033554808000170FBM FIDC                      1110202300000000017166600000000000000009016488-001      0000000000000001021109202304627051800014600000000000000000000000000010122023 
0010001300023H 012016733328000157PBG INDUSTRIA E COMERCIO DE COMPONENTES 000000000000000000000000000000000000000000000000300000000000000000000000000000000000000                                                                                
0010001300024G 01237919515000017166633900932550000024000291302033554808000170FBM FIDC                      2610202300000000017166600000000000000009016488-002      0000000000000001021109202304627051800014600000000000000000000000000025122023 
0010001300025H 012016733328000157PBG INDUSTRIA E COMERCIO DE COMPONENTES 000000000000000000000000000000000000000000000000300000000000000000000000000000000000000                                                                                
0010001300026G 01237999530000017166733900932550000025000291302033554808000170FBM FIDC                      1011202300000000017166700000000000000009016488-003      0000000000000001021109202304627051800014600000000000000000000000000009012024 
0010001300027H 012016733328000157PBG INDUSTRIA E COMERCIO DE COMPONENTES 000000000000000000000000000000000000000000000000300000000000000000000000000000000000000                                                                                
00100015         000029000000000004782183                                                                                                                                                                                                       
00199999         000001000031000000                                                                                                                                                            00000000000000000000000000000                    
