00100000         2462705180001460007532430126       0334800000001104950 SPAAL INDUSTRIA E COMERCIO LTDBANCO DO BRASIL                         20807202306310900098003000000201190761CBR438                                                      
0010001110300010 20462705180001460007532430126       0334800000001104950 SPAAL INDUSTRIA E COMERCIO LTD                                                                                                                                 00753243
0010001300001G 01237979414000002455633971900002542051009807002058890252000113DHL EXPRESS BRAZIL LTDA       17072023000000000024556000000000000000092542051         0000000000000001040707202304627051800014600000000000000000000000000013012024 
0010001300002H 010000000000000000                                        000000000000000000000000000000000000000000000000218072023000000000000200000000000000000                                                                                
0010001300003G 01341999432000157405515700042579003600773170002046853669000127ELETROEROSAO JAPAX IND COM LT 040820230000000015740550000000000000000940.557          0000000000000001020707202304627051800014600000000000000000000000000004082033 
0010001300004G 01341919424000031169015600041438800183707420002002060694000188BLASTINGCENTER JAT PINT LTDA  270720230000000003116900000000000000000924418           0000000000000001030707202304627051800014600000000000000000000000000027072033 
0010001300005G 01341929437000058600010900045431900782348120002003005648000149MAKROSEALS COMP INDS LTDA     09082023000000000586000000000000000000091013716/01      0000000000000001030707202304627051800014600000000000000000000000000009082033 
0010001300006H 010000000000000000                                        000000000000000000000000000000000000000000000000111082023000000000046880000000000000000                                                                                
0010001300007G 01707919428000005276100011211707477002533715492046556446000106TODOBRASIL TRANSPORTES LTDA   31072023000000000052761000000000000000090000209627      0000000000000001020707202304627051800014600000000000000000000000000004102023 
0010001300008H 010000000000000000                                        000000000000000000000000000000000000000000000000201082023000000000000200000000000000000                                                                                
0010001300009G 01033929429000028669292245256000000071185301012012683888000193NOVA MAXIMOS LTDA             0108202300000000028669200000000000000009379084/1        0000000000000001020407202304627051800014600000000000000000000000000028012024 
0010001300010H 010000000000000000                                        000000000000000000000000000000000000000000000000103082023000000000005734000000000000000                                                                                
00100015         000012000000000002835754                                                                                                                                                                                                       
00199999         000001000014000000                                                                                                                                                            00000000000000000000000000000                    
