00100000         2462705180001460007532430126       0334800000001104950 SPAAL INDUSTRIA E COMERCIO LTDBANCO DO BRASIL                         23009202306305900109703000000201190761CBR438                                                      
0010001110300010 20462705180001460007532430126       0334800000001104950 SPAAL INDUSTRIA E COMERCIO LTD                                                                                                                                 00753243
0010001300001G 01756979514000010570014379010978841000151830012009222804000100NAGAMURA E MARQUES FERRAMENTAS25102023000000000105700000000000000000091756            0000000000000001022909202304627051800014600000000000000000000000011021042024 
0010001300002H 010000000000000000                                        000000000000000000000000000000000000000000000000226102023000000000000300000000000000000                                                                                
0010001300003G 01341989515000018108011269155677631505350490002049307267000115DELQUIMICA COMERCIAL LTDA     2610202300000000018108000000000000000009124911-01       0000000000000001032809202304627051800014600000000000000000000000000026102033 
0010001300004G 01033939540000008030790277369000000008764501012046450551000158D365 FUNDO DE INVESTIMENTO EM 201120230000000000803070000000000000000900000012065-001 0000000000000001022909202304627051800014600000000000000000000000000018052024 
0010001300005H 010000000000000000                                        000000000000000000000000000000000000000000000000121112023000000000001606000000000000000                                                                                
0010001300006G 01033919510000007794690277369000000008762901012046450551000158D365 FUNDO DE INVESTIMENTO EM 211020230000000000779460000000000000000900000012063-001 0000000000000001022909202304627051800014600000000000000000000000000018042024 
0010001300007H 010000000000000000                                        000000000000000000000000000000000000000000000000122102023000000000001559000000000000000                                                                                
0010001300008G 01033969525000007794690277369000000008763701012046450551000158D365 FUNDO DE INVESTIMENTO EM 051120230000000000779460000000000000000900000012064-001 0000000000000001022909202304627051800014600000000000000000000000000003052024 
0010001300009H 010000000000000000                                        000000000000000000000000000000000000000000000000106112023000000000001559000000000000000                                                                                
0010001300010G 01274979500000028000000010150000003970811056202001124851000109METALLOYS  CHEMICALS COMERCIAL1110202300000000028000000000000000000009261880/1A       0000000000000001022909202304627051800014600000000000000000000000000010102024 
0010001300011H 010000000000000000                                        000000000000000000000000000000000000000000000000112102023000000000005600000000000000000                                                                                
0010001300012G 01237969545000062712133801950000053722003453702012400421000199LIBRA FIDC MULTISSETORIAL     251120230000000006271210000000000000000958032   3       0000000000000001022609202304627051800014600000000000000000000000000024012024 
0010001300013H 012002275654000153GRAFICA SUPREMA EMBALAGENS LTDA         000000000000000000000000000000000000000000000000226112023000000000000200000000000000000                                                                                
0010001300014G 01237969530000062712133801950000053721003453702012400421000199LIBRA FIDC MULTISSETORIAL     101120230000000006271210000000000000000958032   2       0000000000000001022609202304627051800014600000000000000000000000000009012024 
0010001300015H 012002275654000153GRAFICA SUPREMA EMBALAGENS LTDA         000000000000000000000000000000000000000000000000211112023000000000000200000000000000000                                                                                
0010001300016G 01237959515000062730833801950000053720003453702012400421000199LIBRA FIDC MULTISSETORIAL     261020230000000006273080000000000000000958032   1       0000000000000001022609202304627051800014600000000000000000000000000025122023 
0010001300017H 012002275654000153GRAFICA SUPREMA EMBALAGENS LTDA         000000000000000000000000000000000000000000000000227102023000000000000200000000000000000                                                                                
0010001300018G 01341939512000059591510900026503332472755000002014436504000163EKOLIMP DESCARTAVEIS LTDA ME  2310202300000000059591500000000000000009000492211       0000000000000001032509202304627051800014600000000000000000000000000023102033 
0010001300019H 010000000000000000                                        000000000000000000000000000000000000000000000000124102023000000000011918000000000000000                                                                                
00100015         000021000000000003280444                                                                                                                                                                                                       
00199999         000001000023000000                                                                                                                                                            00000000000000000000000000000                    
