00100000         2462705180001460007532430126       0334800000001104950 SPAAL INDUSTRIA E COMERCIO LTDBANCO DO BRASIL                         21209202306313400106903000000201190761CBR438                                                      
0010001110300010 20462705180001460007532430126       0334800000001104950 SPAAL INDUSTRIA E COMERCIO LTD                                                                                                                                 00753243
0010001300001G 01001959480000005867900000015943380000882955172008848231000161ATUAL CARGAS TRANSPORTES LTDA 21092023000000000058679000000000000000090013625433      0000000000000001151109202304627051800014600000000000000000000000010621092023 
0010001300002H 010000000000000000                                        000000000000000000000000000000000000000000000000221092023000000000000200000000000000000                                                                                
0010001300003G 01001959494000013639106237288768336900001379312002275654000153GRAFICA SUPREMA EMBALAGENS LTD0510202300000000013639100000000000000009 57771   1      0000000000000003151109202304627051800014600000000000000000000000020505102023 
0010001300004G 01001929509000013635106237288769336900001379312002275654000153GRAFICA SUPREMA EMBALAGENS LTD2010202300000000013635100000000000000009 57771   2      0000000000000003151109202304627051800014600000000000000000000000020520102023 
00100015         000006000000000000331421                                                                                                                                                                                                       
00199999         000001000008000000                                                                                                                                                            00000000000000000000000000000                    
