00100000         2462705180001460007532430126       0334800000001104950 SPAAL INDUSTRIA E COMERCIO LTDBANCO DO BRASIL                         22709202306310500109103000000201190761CBR438                                                      
0010001110300010 20462705180001460007532430126       0334800000001104950 SPAAL INDUSTRIA E COMERCIO LTD                                                                                                                                 00753243
0010001300001G 01001969505000002207006238162602191400004400112043283811000150KALUNGA SA                    16102023000000000022070000000000000000093700402701      0000000000000001152609202304627051800014600000000000000000000000000016102023 
0010001300002H 010000000000000000                                        000000000000000000000000000000000000000000000000216102023000000000000200000000000000000                                                                                
00100015         000004000000000000022070                                                                                                                                                                                                       
00199999         000001000006000000                                                                                                                                                            00000000000000000000000000000                    
