00100000         2462705180001460007532430126       0334800000001104950 SPAAL INDUSTRIA E COMERCIO LTDBANCO DO BRASIL                         22907202306310300100803000000201190761CBR438                                                      
0010001110300010 20462705180001460007532430126       0334800000001104950 SPAAL INDUSTRIA E COMERCIO LTD                                                                                                                                 00753243
0010001300001G 01001919452000011756000000030012550000005012172014436504000163EKOLIMP DESCARTAVEIS LTDA ME  2408202300000000011756000000000000000009000455031       0000000000000001152807202304627051800014600000000000000000000000000024082023 
0010001300002H 010000000000000000                                        000000000000000000000000000000000000000000000000124082023000000000002351000000000000000                                                                                
00100015         000004000000000000117560                                                                                                                                                                                                       
00199999         000001000006000000                                                                                                                                                            00000000000000000000000000000                    
