00100000         2462705180001460007532430126       0334800000001104950 SPAAL INDUSTRIA E COMERCIO LTDBANCO DO BRASIL                         22408202306310100104403000000201190761CBR438                                                      
0010001110300010 20462705180001460007532430126       0334800000001104950 SPAAL INDUSTRIA E COMERCIO LTD                                                                                                                                 00753243
0010001300001G 01001989491000014718006236218691191400004400112043283811000150KALUNGA SA                    02102023000000000147180000000000000000099500222201      0000000000000001152308202304627051800014600000000000000000000000000002102023 
0010001300002H 010000000000000000                                        000000000000000000000000000000000000000000000000202102023000000000000200000000000000000                                                                                
0010001300003G 01001999481000051672800000033652750000013579172058289521000190FRAGON PRODUTOS PARA INDUSTRIA2209202300000000051672800000000000000009253837 1        0000000000000001152308202304627051800014600000000000000000000000020522092023 
0010001300004H 010000000000000000                                        000000000000000000000000000000000000000000000000222092023000000000000200000000000000000                                                                                
0010001300005G 01001999496000051672800000033652750000013580172058289521000190FRAGON PRODUTOS PARA INDUSTRIA0710202300000000051672800000000000000009253837 2        0000000000000001152308202304627051800014600000000000000000000000020507102023 
0010001300006H 010000000000000000                                        000000000000000000000000000000000000000000000000207102023000000000000200000000000000000                                                                                
0010001300007G 01001919511000051688400000033652750000013581172058289521000190FRAGON PRODUTOS PARA INDUSTRIA2210202300000000051688400000000000000009253837 3        0000000000000001152308202304627051800014600000000000000000000000020522102023 
0010001300008H 010000000000000000                                        000000000000000000000000000000000000000000000000222102023000000000000200000000000000000                                                                                
00100015         000010000000000001697520                                                                                                                                                                                                       
00199999         000001000012000000                                                                                                                                                            00000000000000000000000000000                    
