00100000         2462705180001460007532430126       0334800000001104950 SPAAL INDUSTRIA E COMERCIO LTDBANCO DO BRASIL                         21908202306310500103903000000201190761CBR438                                                      
0010001110300010 20462705180001460007532430126       0334800000001104950 SPAAL INDUSTRIA E COMERCIO LTD                                                                                                                                 00753243
0010001300001G 01341919474000030392510900013778000563517780002052211752000103POLISIL INDUSTRIA C S LTDA    15092023000000000303925000000000000000090007203401      0000000000000003031808202304627051800014600000000000000000000000000015092033 
0010001300002G 01077989460000015000000011120795440010661340082049799342000102CLIMA SUL LTDA                0109202300000000015000000000000000000009014             0000000000000001021808202304627051800014600000000000000000000000000001092023 
0010001300003H 012049799342000102CLIMA SUL LTDA                          000000000000000000000000000000000000000000000000300000000000000000000000000000000000000                                                                                
0010001300004G 01237919460000001190004232600002077763020069002002704396000183NUBE                          010920230000000000119000000000000000000900002077763     0000000000000001011808202304627051800014600000000000000000000000000031102023 
0010001300005G 01341939481000005505015700000092116349986010002041342781000180MECAN PARTS COMERCIO DE PECAS 2209202300000000005505000000000000000009                0000000000000001021808202304627051800014600000000000000000000000000022092033 
0010001300006G 01237939495000220007801410932300000024002733002076112374000322JUNTAS UNIVERSAL              061020230000000022000780000000000000000962014           0000000000000001021808202304627051800014600000000000000000000000010505122023 
0010001300007H 010000000000000000                                        000000000000000000000000000000000000000000000000207102023000000000000200000000000000000                                                                                
0010001300008G 01341949488000026615010901945802905792038600002094058864000108FELTROS RENNER EIRELI         29092023000000000266150000000000000000090001945802      0000000000000001031808202304627051800014600000000000000000000000000029092033 
0010001300009G 01341969474000026615010901945801105792038600002094058864000108FELTROS RENNER EIRELI         15092023000000000266150000000000000000090001945801      0000000000000001031808202304627051800014600000000000000000000000000015092033 
0010001300010G 01341929474000018861511261109754702021228340002002275654000153GRAFICA SUPREMA EMB LTDA      150920230000000001886150000000000000000957455   1       0000000000000003021608202304627051800014600000000000000000000000000015092033 
0010001300011G 01341919474000008315011261105104910243667650002004974842000103WORK FER COM FERRAMEN LTDA EPP150920230000000000831500000000000000000937421.A         0000000000000001031808202304627051800014600000000000000000000000000015092033 
0010001300012G 01237919477000058112033900932300000071000291302033554808000170FBM FIDC                      1809202300000000058112000000000000000009016336-001      0000000000000001021408202304627051800014600000000000000000000000000017112023 
0010001300013H 012016733328000157PBG INDUSTRIA E COMERCIO DE COMPONENTES 000000000000000000000000000000000000000000000000300000000000000000000000000000000000000                                                                                
0010001300014G 01237939481000011200033720900002299638005955502008654210000105ONE7 FUNDO DE INVESTIMENTO    220920230000000001120000000000000000000968463-001       0000000000000001021808202304627051800014600000000000000000000000000020012024 
0010001300015H 012049493653000149PROQUITEC INDUSTRIA DE PRODUTOS QUIMICOS000000000000000000000000000000000000000000000000223092023000000000000200000000000000000                                                                                
0010001300016G 01077919474000016000000011120333366010665227562010644899000139LASER SOLDAS REPAROS EM MATRIZ15092023000000000160000000000000000000091961            0000000000000001021808202304627051800014600000000000000000000000000015102023 
0010001300017H 012010644899000139LASER SOLDAS REPAROS EM MATRIZES EI     000000000000000000000000000000000000000000000000300000000000000000000000000000000000000                                                                                
00100015         000019000000000004378138                                                                                                                                                                                                       
00199999         000001000021000000                                                                                                                                                            00000000000000000000000000000                    
