00100000         2462705180001460007532430126       0334800000001104950 SPAAL INDUSTRIA E COMERCIO LTDBANCO DO BRASIL                         22309202306311100108703000000201190761CBR438                                                      
0010001110300010 20462705180001460007532430126       0334800000001104950 SPAAL INDUSTRIA E COMERCIO LTD                                                                                                                                 00753243
0010001300001G 01001919511000108405700000030216400008652393172003659166000102INST. BRAS. DO MEIO AMB. E DOS2210202300000000108405700000000000000009                0000000000000001162209202304627051800014600000000000000000000000000022102023 
0010001300002H 012000000000000000                                        000000000000000000000000000000000000000000000000000000000000000000000000000000000000000                                                                                
0010001300003G 01001969491000004158600000031940980002870294172060498417000158SAO PAULO TRANSPORTE SA       0210202300000000004158600000000000000009140383869       0000000000000001152209202304627051800014600000000000000000000000000002102023 
0010001300004H 012000000000000000                                        000000000000000000000000000000000000000000000000000000000000000000000000000000000000000                                                                                
0010001300005G 01001919524000059527706238039792336900050555312050748748000145CARTONAGEM JAUENSE LTDA       0411202300000000059527700000000000000009116079   2      0000000000000003152209202304627051800014600000000000000000000000020504112023 
0010001300006G 01001969539000059527706238039793336900050555312050748748000145CARTONAGEM JAUENSE LTDA       1911202300000000059527700000000000000009116079   3      0000000000000003152209202304627051800014600000000000000000000000020519112023 
00100015         000008000000000002316197                                                                                                                                                                                                       
00199999         000001000010000000                                                                                                                                                            00000000000000000000000000000                    
