00100000         2462705180001460007532430126       0334800000001104950 SPAAL INDUSTRIA E COMERCIO LTDBANCO DO BRASIL                         20209202306313400105903000000201190761CBR438                                                      
0010001110300010 20462705180001460007532430126       0334800000001104950 SPAAL INDUSTRIA E COMERCIO LTD                                                                                                                                 00753243
0010001300001G 01341949497000018864010900014019800563517780002052211752000103POLISIL INDUSTRIA C S LTDA    08102023000000000188640000000000000000090007223801      0000000000000003030109202304627051800014600000000000000000000000000008102033 
0010001300002G 01341919487000027668010991561031400767351090002044016707000161NCH BRASIL LTDA               2809202300000000027668000000000000000009W156103         0000000000000001023008202304627051800014600000000000000000000000000028092033 
0010001300003G 01033969466000026177590260561000000000001901012049932774000140DPRO5K PRODUTORA E MARKETING L070920230000000002617750000000000000000900000027        0000000000000001040109202304627051800014600000000000000000000000000006102023 
0010001300004H 010000000000000000                                        000000000000000000000000000000000000000000000000109092023000000000000052000000000000000                                                                                
0010001300005G 01341919480000040378011263853623809120895390002007790648000158ELKEM SILICONES BRASIL LTDA   21092023000000000403780000000000000000090002644501      0000000000000001032408202304627051800014600000000000000000000000000021092033 
0010001300006G 01341929494000040378011263853624609120895390002007790648000158ELKEM SILICONES BRASIL LTDA   05102023000000000403780000000000000000090002644502      0000000000000001032408202304627051800014600000000000000000000000000005102033 
0010001300007G 01341929494000018900010900054692801612954640002062648555000100SINDICATO N I C P VEICULOS    05102023000000000189000000000000000000090000054692      0000000000000001990109202304627051800014600000000000000000000000000005102033 
0010001300008G 01237929505000051418525140932440000001022481702000325020000132LACORTE                       16102023000000000514185000000000000000090000047106      0000000000000001020109202304627051800014600000000000000000000000010515122023 
0010001300009G 01364910000000004058000003000283140000000077852054945746000105ELETRODIESEL COMERCIAL EIRELI 2909202300000000004058000000000000000009                0000000000000001020109202304627051800014600000000000000000000000000028122023 
0010001300010H 012054945746000105ELETRODIESEL COMERCIAL LTDA             000000000000000000000000000000000000000000000000230092023000000000001000000000000000000                                                                                
0010001300011G 01341969479000002272410900232342288031109000002032169484000193RODOPALAS TRANSP RODOV LTDA   2009202300000000002272400000000000000009232342/23       0000000000000001050109202304627051800014600000000000000000000000000020092033 
0010001300012H 010000000000000000                                        000000000000000000000000000000000000000000000000121092023000000000000454000000000000000                                                                                
0010001300013G 01104989472000024000024144650001000400000154702010715054000197IMHP   INSTITUTO DE MONITORAME13092023000000000240000000000000000000091547            0000000000000001230109202304627051800014600000000000000000000000000011102023 
0010001300014G 01341969484000118781011264014824602498975470002061373437000165PARABOR LTDA                  2509202300000000118781000000000000000009046864/001      0000000000000001032508202304627051800014600000000000000000000000000025092033 
0010001300015G 01707969484000002200100011211707477003379251462046556446000106TODOBRASIL TRANSPORTES LTDA   25092023000000000022001000000000000000090000307394      0000000000000001020109202304627051800014600000000000000000000000000029112023 
0010001300016H 010000000000000000                                        000000000000000000000000000000000000000000000000226092023000000000000200000000000000000                                                                                
0010001300017G 01341989488000047736311264040723801365777560002000385650000100ATCO PLASTICOS LTDA           2909202300000000047736300000000000000009225992          0000000000000001033108202304627051800014600000000000000000000000000029092033 
0010001300018G 01341919494000040974710900037250908456271730002013425492000109ACTIVA F I D C MULTISSETORIAL 051020230000000004097470000000000000000922997           0000000000000001033108202304627051800014600000000000000000000000000005102033 
0010001300019H 012005411171000127SYSTEMBOR IND E COM DE ARTEFAT          000000000000000000000000000000000000000000000000106102023000000000008194000000000000000                                                                                
0010001300020G 01237959485000009607841501932440000057005272602061288353000123VEDABRAS                      26092023000000000096078000000000000000090000645457      0000000000000001020109202304627051800014600000000000000000000000010525112023 
0010001300021H 012061288353000123RETENTORES VEDABRAS IND. E COM. LTDA    000000000000000000000000000000000000000000000000227092023000000000000200000000000000000                                                                                
0010001300022G 01237919485000009607841501932440000093005272602061288353000123VEDABRAS                      26092023000000000096078000000000000000090000645501      0000000000000001020109202304627051800014600000000000000000000000010525112023 
0010001300023H 012061288353000123RETENTORES VEDABRAS IND. E COM. LTDA    000000000000000000000000000000000000000000000000227092023000000000000200000000000000000                                                                                
0010001300024G 01341929480000051534011264079042748074037970002025322144000195POLYBRASIL COMERCIO I E LTDA  21092023000000000515340000000000000000090001017071      0000000000000001022408202304627051800014600000000000000000000000000021092033 
0010001300025G 01237939488000014266633900932440000070000291302033554808000170FBM FIDC                      2909202300000000014266600000000000000009016449-001      0000000000000001020109202304627051800014600000000000000000000000000028112023 
0010001300026H 012016733328000157PBG INDUSTRIA E COMERCIO DE COMPONENTES 000000000000000000000000000000000000000000000000300000000000000000000000000000000000000                                                                                
0010001300027G 01237969502000014266633900932440000071000291302033554808000170FBM FIDC                      1310202300000000014266600000000000000009016449-002      0000000000000001020109202304627051800014600000000000000000000000000012122023 
0010001300028H 012016733328000157PBG INDUSTRIA E COMERCIO DE COMPONENTES 000000000000000000000000000000000000000000000000300000000000000000000000000000000000000                                                                                
0010001300029G 01237989516000014266733900932440000072000291302033554808000170FBM FIDC                      2710202300000000014266700000000000000009016449-003      0000000000000001020109202304627051800014600000000000000000000000000026122023 
0010001300030H 012016733328000157PBG INDUSTRIA E COMERCIO DE COMPONENTES 000000000000000000000000000000000000000000000000300000000000000000000000000000000000000                                                                                
0010001300031G 013419194720000315401109000015835034912905600020360953780001632EASY SOLUCOES EM RECURSOS HUM13092023000000000315401000000000000000092784            0000000000000001050109202304627051800014600000000000000000000000000013092033 
0010001300032H 010000000000000000                                        000000000000000000000000000000000000000000000000114092023000000000006308000000000000000                                                                                
0010001300033G 01033929474000042505290847488000003797907801012044914992000138RODONAVES TRANSPORTES E ENCOME150920230000000004250520000000000000000923A00524602201  0000000000000001023108202304627051800014600000000000000000000000000013112023 
0010001300034H 010000000000000000                                        000000000000000000000000000000000000000000000000116092023000000000008502000000000000000                                                                                
0010001300035G 01341969472000001102410900139632301745396010002046220369000291D-SAAS TECN DESENV SOFTWARE LT1309202300000000001102400000000000000009                0000000000000001020109202304627051800014600000000000000000000000000013092033 
0010001300036G 01341929487000069226210900026327732472755000002014436504000163EKOLIMP DESCARTAVEIS LTDA ME  2809202300000000069226200000000000000009000478301       0000000000000001033108202304627051800014600000000000000000000000000028092033 
0010001300037H 010000000000000000                                        000000000000000000000000000000000000000000000000129092023000000000013845000000000000000                                                                                
0010001300038G 01745959490000022939931000471600146654129832172000676486000182FEDERAL EXPRESS CORP          01102023000000000229399000000000000000090541298321      0000000000000001030109202304627051800014600000000000000000000000000030122023 
0010001300039H 010000000000000000                                        000000000000000000000000000000000000000000000000202102023000000000000200000000000000000                                                                                
0010001300040G 01033939474000163308897138482000000000133801012002654710000160BRASKOR PORTADORIA E LIMPEZA L15092023000000001633088000000000000000092214            0000000000000001040109202304627051800014600000000000000000000000000013032024 
00100015         000042000000000009079786                                                                                                                                                                                                       
00199999         000001000044000000                                                                                                                                                            00000000000000000000000000000                    
