00100000         2462705180001460007532430126       0334800000001104950 SPAAL INDUSTRIA E COMERCIO LTDBANCO DO BRASIL                         20908202306311100102303000000201190761CBR438                                                      
0010001110300010 20462705180001460007532430126       0334800000001104950 SPAAL INDUSTRIA E COMERCIO LTD                                                                                                                                 00753243
0010001300001G 01001979463000026670000000035709260010000019172039145656000138POLITECH CONFECCAO SERVICOS E 0409202300000000026670000000000000000009119/1           0000000000000001150808202304627051800014600000000000000000000000000004092023 
0010001300002H 010000000000000000                                        000000000000000000000000000000000000000000000000204092023000000000000200000000000000000                                                                                
00100015         000004000000000000266700                                                                                                                                                                                                       
00199999         000001000006000000                                                                                                                                                            00000000000000000000000000000                    
