00100000         2462705180001460007532430126       0334800000001104950 SPAAL INDUSTRIA E COMERCIO LTDBANCO DO BRASIL                         22209202306311400108503000000201190761CBR438                                                      
0010001110300010 20462705180001460007532430126       0334800000001104950 SPAAL INDUSTRIA E COMERCIO LTD                                                                                                                                 00753243
0010001300001G 01341959527000023072110933367929400564524020002039730881000131CREDIX SECURITIZADORA S A     0711202300000000023072100000000000000009000120240-      0000000000000001032109202304627051800014600000000000000000000000000007112033 
0010001300002H 012007020252000121AMR INDUSTRIA E COMERCIO DE PR          000000000000000000000000000000000000000000000000300000000000000000000000000000000000000                                                                                
0010001300003G 01341919519000043743610933367931000564524020002039730881000131CREDIX SECURITIZADORA S A     3010202300000000043743600000000000000009000120241-      0000000000000001032109202304627051800014600000000000000000000000000030102033 
0010001300004H 012007020252000121AMR INDUSTRIA E COMERCIO DE PR          000000000000000000000000000000000000000000000000300000000000000000000000000000000000000                                                                                
0010001300005G 01341969537000043743610933367933600564524020002039730881000131CREDIX SECURITIZADORA S A     1711202300000000043743600000000000000009000120241-      0000000000000001032109202304627051800014600000000000000000000000000017112033 
0010001300006H 012007020252000121AMR INDUSTRIA E COMERCIO DE PR          000000000000000000000000000000000000000000000000300000000000000000000000000000000000000                                                                                
0010001300007G 01341929537000012803010933367936900564524020002039730881000131CREDIX SECURITIZADORA S A     1711202300000000012803000000000000000009000120242-      0000000000000001032109202304627051800014600000000000000000000000000017112033 
0010001300008H 012007020252000121AMR INDUSTRIA E COMERCIO DE PR          000000000000000000000000000000000000000000000000300000000000000000000000000000000000000                                                                                
0010001300009G 01341919519000012803010933367934400564524020002039730881000131CREDIX SECURITIZADORA S A     3010202300000000012803000000000000000009000120242-      0000000000000001032109202304627051800014600000000000000000000000000030102033 
0010001300010H 012007020252000121AMR INDUSTRIA E COMERCIO DE PR          000000000000000000000000000000000000000000000000300000000000000000000000000000000000000                                                                                
0010001300011G 01341969527000012803010933367935100564524020002039730881000131CREDIX SECURITIZADORA S A     0711202300000000012803000000000000000009000120242-      0000000000000001032109202304627051800014600000000000000000000000000007112033 
0010001300012H 012007020252000121AMR INDUSTRIA E COMERCIO DE PR          000000000000000000000000000000000000000000000000300000000000000000000000000000000000000                                                                                
0010001300013G 01341969519000023072110933367928600564524020002039730881000131CREDIX SECURITIZADORA S A     3010202300000000023072100000000000000009000120240-      0000000000000001032109202304627051800014600000000000000000000000000030102033 
0010001300014H 012007020252000121AMR INDUSTRIA E COMERCIO DE PR          000000000000000000000000000000000000000000000000300000000000000000000000000000000000000                                                                                
0010001300015G 01341929537000023072010933367930200564524020002039730881000131CREDIX SECURITIZADORA S A     1711202300000000023072000000000000000009000120240-      0000000000000001032109202304627051800014600000000000000000000000000017112033 
0010001300016H 012007020252000121AMR INDUSTRIA E COMERCIO DE PR          000000000000000000000000000000000000000000000000300000000000000000000000000000000000000                                                                                
0010001300017G 01341969527000043743610933367932800564524020002039730881000131CREDIX SECURITIZADORA S A     0711202300000000043743600000000000000009000120241-      0000000000000001032109202304627051800014600000000000000000000000000007112033 
0010001300018H 012007020252000121AMR INDUSTRIA E COMERCIO DE PR          000000000000000000000000000000000000000000000000300000000000000000000000000000000000000                                                                                
0010001300019G 01341979491000065580311267371089616901315840002005213735000117KREMPEL BRASIL LTDA           021020230000000006558030000000000000000910085896        0000000000000001020409202304627051800014600000000000000000000000000002102033 
0010001300020G 01341949508000013428015700042178907369508580002011892108000152ALENCO FERRAMENTAS LTDA       1910202300000000013428000000000000000009004799/1        0000000000000001022109202304627051800014600000000000000000000000000019102033 
0010001300021H 010000000000000000                                        000000000000000000000000000000000000000000000000120102023000000000002686000000000000000                                                                                
0010001300022G 01341989505000005822410900066478705685846840002003114171000130BORFER FERRAGENS FERRAMENTA LT1610202300000000005822400000000000000009137152/1        0000000000000001031809202304627051800014600000000000000000000000000016102033 
0010001300023H 010000000000000000                                        000000000000000000000000000000000000000000000000118102023000000000001164000000000000000                                                                                
0010001300024G 01341999534000187304010900574988401379344020002009328663000104GRUPO GONCALVES DIAS S A      141120230000000018730400000000000000000907035032        0000000000000001031909202304627051800014600000000000000000000000000014112033 
0010001300025G 01341959506000199251710900574987601379344020002009328663000104GRUPO GONCALVES DIAS S A      171020230000000019925170000000000000000907035031        0000000000000001031909202304627051800014600000000000000000000000000017102033 
0010001300026G 01341989493000001101011267457334345100932650002060692944000107SCREEN MATERIAS SERIGRAFICOS  0410202300000000001101000000000000000009000005577       0000000000000003032109202304627051800014600000000000000000000000000004102033 
00100015         000028000000000007113434                                                                                                                                                                                                       
00199999         000001000030000000                                                                                                                                                            00000000000000000000000000000                    
