00100000         2462705180001460007532430126       0334800000001104950 SPAAL INDUSTRIA E COMERCIO LTDBANCO DO BRASIL                         22807202306310600100703000000201190761CBR438                                                      
0010001110300010 20462705180001460007532430126       0334800000001104950 SPAAL INDUSTRIA E COMERCIO LTD                                                                                                                                 00753243
0010001300001G 01237939438000005198833800900037870592001264502002351877000152LOCAWEB                       10082023000000000051988000000000000000090037870592      0000000000000001022607202304627051800014600000000000000000000000000009102023 
0010001300002G 01341939429000003717115700044368801412390460002056601552000100EPOXIGLASS IND COM PR QUIM LT 010820230000000000371710000000000000000936910           0000000000000001022707202304627051800014600000000000000000000000000001082033 
0010001300003H 010000000000000000                                        000000000000000000000000000000000000000000000000102082023000000000000372000000000000000                                                                                
0010001300004G 01341949452000045883715700040847788595803030002017079181000196CORTFLAN COMERCIO B LTDA      2408202300000000045883700000000000000009005851          0000000000000001042707202304627051800014600000000000000000000000000024082033 
0010001300005G 01341919452000000333015700040848588595803030002017079181000196CORTFLAN COMERCIO B LTDA      2408202300000000000333000000000000000009005852          0000000000000001042707202304627051800014600000000000000000000000000024082033 
0010001300006G 01341919444000039843710920205616207384326160002059683094000193PREVISAO INDUSTRIA C P LTDA   1608202300000000039843700000000000000009037241          0000000000000001032607202304627051800014600000000000000000000000000016082033 
0010001300007G 01341929451000010557311256869100315720874580002058958893000162BASILE QUIMICA IND COM LTDA   2308202300000000010557300000000000000009153532 1        0000000000000003032607202304627051800014600000000000000000000000000023082033 
0010001300008G 01033979442000033247298715106000000060339201012010351268000121SABER QUIMICA LTDA            140820230000000003324720000000000000000973092/01        0000000000000001022607202304627051800014600000000000000000000000010510022024 
0010001300009H 010000000000000000                                        000000000000000000000000000000000000000000000000115082023000000000006649000000000000000                                                                                
0010001300010G 01341919452000028057115700040849388595803030002017079181000196CORTFLAN COMERCIO B LTDA      2408202300000000028057100000000000000009005853          0000000000000001042707202304627051800014600000000000000000000000000024082033 
0010001300011G 01237959452000443512304960932080000048040781602017198452000122REAL TIME FIDC PADRONIZADO    2408202300000000443512300000000000000009160851 001      0000000000000001022707202304627051800014600000000000000000000000000023102023 
0010001300012H 012071586952000187ARMCO DO BRASIL S A                     000000000000000000000000000000000000000000000000225082023000000000000200000000000000000                                                                                
0010001300013G 01033919450000010122390132972000000815725101042067335034000108SF COMERCIO DE PAPEIS - EIRELI220820230000000001012230000000000000000900017113        0000000000000001022607202304627051800014600000000000000000000000010118022024 
0010001300014G 01033999457000010122390132972000000815726001042067335034000108SF COMERCIO DE PAPEIS - EIRELI290820230000000001012230000000000000000900017113        0000000000000001022607202304627051800014600000000000000000000000010125022024 
00100015         000016000000000006305948                                                                                                                                                                                                       
00199999         000001000018000000                                                                                                                                                            00000000000000000000000000000                    
