00100000         2462705180001460007532430126       0334800000001104950 SPAAL INDUSTRIA E COMERCIO LTDBANCO DO BRASIL                         21110202306311800111203000000201190761CBR438                                                      
0010001110300010 20462705180001460007532430126       0334800000001104950 SPAAL INDUSTRIA E COMERCIO LTD                                                                                                                                 00753243
0010001300001G 01403959510000027930000000180619550060542037012037880206000163Cora SCD SA                   2110202300000000027930000000000000000009                0000000000000001041010202304627051800014600000000000000000000000000019012024 
0010001300002H 012018061955000114Ambiliberty Solucoes Ambientais Ltda Me 000000000000000000000000000000000000000000000000224102023000000000000200000000000000000                                                                                
0010001300003G 01237919528000025248001170900000071779011766902072690431000138JUNTALIMA                     0811202300000000025248000000000000000009157129 1        0000000000000001020910202304627051800014600000000000000000000000010707012024 
0010001300004G 01237979551000013800001080900000028254001334602041609486000147JARAGUA EMPRESARIAL CENTRO DE 011220230000000001380000000000000000000912623 B         0000000000000001040910202304627051800014600000000000000000000000000030012024 
0010001300005H 012007545944000193SIMONE ROSA MAMEDE EXTINTORES           000000000000000000000000000000000000000000000000202122023000000000000500000000000000000                                                                                
0010001300006G 01237979536000013800001080900000028253001334602041609486000147JARAGUA EMPRESARIAL CENTRO DE 161120230000000001380000000000000000000912623 A         0000000000000001040910202304627051800014600000000000000000000000000015012024 
0010001300007H 012007545944000193SIMONE ROSA MAMEDE EXTINTORES           000000000000000000000000000000000000000000000000217112023000000000000500000000000000000                                                                                
0010001300008G 01341949530000048450111271043425200928116290002007834343000109BUSINESS BANK FOM MERC LTDA   101120230000000004845010000000000000000923117           0000000000000001030910202304627051800014600000000000000000000000000010112033 
0010001300009H 012005411171000127SYSTEMBOR IND E COM DE ARTEF D          000000000000000000000000000000000000000000000000300000000000000000000000000000000000000                                                                                
0010001300010G 01341989530000021434411271043424500928116290002007834343000109BUSINESS BANK FOM MERC LTDA   101120230000000002143440000000000000000923116           0000000000000001030910202304627051800014600000000000000000000000000010112033 
0010001300011H 012005411171000127SYSTEMBOR IND E COM DE ARTEF D          000000000000000000000000000000000000000000000000300000000000000000000000000000000000000                                                                                
0010001300012G 01341919530000079325211271043426000928116290002007834343000109BUSINESS BANK FOM MERC LTDA   101120230000000007932520000000000000000922118           0000000000000001030910202304627051800014600000000000000000000000000010112033 
0010001300013H 012005411171000127SYSTEMBOR IND E COM DE ARTEF D          000000000000000000000000000000000000000000000000300000000000000000000000000000000000000                                                                                
0010001300014G 01341979519000005605010956061724084934753160002029035398000183CONSIGAZ CILINDROS LTDA       30102023000000000056050000000000000000090003393         0000000000000001990910202304627051800014600000000000000000000000000030102033 
0010001300015H 010000000000000000                                        000000000000000000000000000000000000000000000000131102023000000000001121000000000000000                                                                                
0010001300016G 01341959544001447995911271062779800782970740002004189559000162WOLVERINE T LAM AND COMP LTDA 24112023000000014479959000000000000000090000814601      0000000000000001031010202304627051800014600000000000000000000000000024112033 
0010001300017G 01341929530000637517911271064037900763654510002044068211000131METALAC SPS IND E COM LTDA    1011202300000000637517900000000000000009310310          0000000000000001030610202304627051800014600000000000000000000000000010112033 
0010001300018G 01341939527000020000015600040496384611626640002006330370000173FREZADORA FREIS IND COM LTDA  07112023000000000200000000000000000000091128            0000000000000001051010202304627051800014600000000000000000000000000007112033 
0010001300019H 010000000000000000                                        000000000000000000000000000000000000000000000000108112023000000000004000000000000000000                                                                                
0010001300020G 01341949531000072181915700040390485140883200002062639158000163METALURGICA ESTAMPARIA L LTDA 1311202300000000072181900000000000000009028564          0000000000000003021010202304627051800014600000000000000000000000000013112033 
0010001300021G 01341949533000138827415700040391285140883200002062639158000163METALURGICA ESTAMPARIA L LTDA 1311202300000000138827400000000000000009028565          0000000000000003021010202304627051800014600000000000000000000000000013112033 
0010001300022G 01341929523000112719610900035378909100822620002061526836000119ACUMENT BRASIL S FIXACAO S A  0311202300000000112719600000000000000009668621          0000000000000001030310202304627051800014600000000000000000000000000003112033 
0010001300023H 010000000000000000                                        000000000000000000000000000000000000000000000000104112023000000000022543000000000000000                                                                                
0010001300024G 01341919521000281471010900035364909100822620002061526836000119ACUMENT BRASIL S FIXACAO S A  0111202300000000281471000000000000000009668472          0000000000000001030210202304627051800014600000000000000000000000000001112033 
0010001300025H 010000000000000000                                        000000000000000000000000000000000000000000000000102112023000000000056294000000000000000                                                                                
0010001300026G 01341949522000231248711271171046007699157600002033424730000179DINACO IMPORTACAO COMERCIO LTD021120230000000023124870000000000000000923876-1         0000000000000001030510202304627051800014600000000000000000000000000002112033 
0010001300027G 01341949558000022963310901762208229382064510002005607657000992SCANSOURCE BR DISTR TEC LTDA  0812202300000000022963300000000000000009X001285233      0000000000000001030910202304627051800014600000000000000000000000000008122033 
0010001300028G 01341959528000022963310901762207429382064510002005607657000992SCANSOURCE BR DISTR TEC LTDA  0811202300000000022963300000000000000009X001285232      0000000000000001030910202304627051800014600000000000000000000000000008112033 
0010001300029G 01341919588000022963410901762209029382064510002005607657000992SCANSOURCE BR DISTR TEC LTDA  0701202400000000022963400000000000000009X001285234      0000000000000001030910202304627051800014600000000000000000000000000007012034 
0010001300030G 01104919521000007600029453800001000400000935862003651482000138BS SANEAMENTO AMBIENTAL LTDA-E01112023000000000076000000000000000000091400009358      0000000000000001041010202304627051800014600000000000000000000000000030012024 
0010001300031H 010000000000000000                                        000000000000000000000000000000000000000000000000102112023000000000001520000000000000000                                                                                
0010001300032G 01104999523000021000043059650001000400001011622085276889000197ADANTEX INDUSTRIA E COMERCIO D031120230000000002100000000000000000000900000010116     0000000000000001020410202304627051800014600000000000000000000000000001122023 
0010001300033H 010000000000000000                                        000000000000000000000000000000000000000000000000204112023000000000000200000000000000000                                                                                
00100015         000035000000000032750451                                                                                                                                                                                                       
00199999         000001000037000000                                                                                                                                                            00000000000000000000000000000                    
