00100000         2462705180001460007532430126       0334800000001104950 SPAAL INDUSTRIA E COMERCIO LTDBANCO DO BRASIL                         21209202306313400107003000000201190761CBR438                                                      
0010001110300010 20462705180001460007532430126       0334800000001104950 SPAAL INDUSTRIA E COMERCIO LTD                                                                                                                                 00753243
0010001300001G 01033939512000003862890111700111111117718601042034027549000191SMARTCRED FUNDO DE INVESTIMENT231020230000000000386280000000000000000933786           0000000000000001020809202304627051800014600000000000000000000000000020042024 
0010001300002H 012029846341000164SELBER TRATAMENTO DE METAIS LTDA        000000000000000000000000000000000000000000000000124102023000000000000579000000000000000                                                                                
0010001300003G 01033919512000002936290111700111111117726701042034027549000191SMARTCRED FUNDO DE INVESTIMENT231020230000000000293620000000000000000933787           0000000000000001020809202304627051800014600000000000000000000000000020042024 
0010001300004H 012029846341000164SELBER TRATAMENTO DE METAIS LTDA        000000000000000000000000000000000000000000000000124102023000000000000440000000000000000                                                                                
0010001300005G 01341999500000261800015700040946016082284150002006080079000194TRID COMERCIO I R LTDA EPP    1110202300000000261800000000000000000009001-SERIE2      0000000000000001041109202304627051800014600000000000000000000000000011102033 
0010001300006H 010000000000000000                                        000000000000000000000000000000000000000000000000112102023000000000052360000000000000000                                                                                
0010001300007G 01077919474000025000000011120795440010836510752049799342000102CLIMA SUL LTDA                1509202300000000025000000000000000000009019             0000000000000001021109202304627051800014600000000000000000000000000015092023 
0010001300008H 012049799342000102CLIMA SUL LTDA                          000000000000000000000000000000000000000000000000300000000000000000000000000000000000000                                                                                
0010001300009G 01077919479000013500000011120795440010836536832049799342000102CLIMA SUL LTDA                2009202300000000013500000000000000000009020             0000000000000001021109202304627051800014600000000000000000000000000020092023 
0010001300010H 012049799342000102CLIMA SUL LTDA                          000000000000000000000000000000000000000000000000300000000000000000000000000000000000000                                                                                
0010001300011G 01033949526000064350692015510060723767800201022007707650000110AYMORE CRED FIN E INVEST S A  06112023000000000643506000000000000000090607237678002   0000000000000001181109202304627051800014600000000000000000000000000006122023 
0010001300012G 01033929556000064350692015510060723767800301022007707650000110AYMORE CRED FIN E INVEST S A  06122023000000000643506000000000000000090607237678003   0000000000000001181109202304627051800014600000000000000000000000000005012024 
0010001300013G 01033929495000064350692015510060723767800101022007707650000110AYMORE CRED FIN E INVEST S A  06102023000000000643506000000000000000090607237678001   0000000000000001181109202304627051800014600000000000000000000000000005112023 
0010001300014G 01033969587000064350692015510060723767800401022007707650000110AYMORE CRED FIN E INVEST S A  06012024000000000643506000000000000000090607237678004   0000000000000001181109202304627051800014600000000000000000000000000005022024 
0010001300015G 01033989618000064350692015510060723767800501022007707650000110AYMORE CRED FIN E INVEST S A  06022024000000000643506000000000000000090607237678005   0000000000000001181109202304627051800014600000000000000000000000000007032024 
0010001300016G 01237989475000175680933740900000027249003929002055417521000130TOCANTINS                     160920230000000017568090000000000000000900218699        0000000000000001020109202304627051800014600000000000000000000000010515112023 
0010001300017G 01341949500000295225215700040382185140883200002062639158000163METALURGICA ESTAMPARIA L LTDA 1110202300000000295225200000000000000009028357          0000000000000003021109202304627051800014600000000000000000000000000011102033 
0010001300018G 01341939500000313732215700040384785140883200002062639158000163METALURGICA ESTAMPARIA L LTDA 1110202300000000313732200000000000000009028359          0000000000000003021109202304627051800014600000000000000000000000000011102033 
0010001300019G 01341949500000122561215700040383985140883200002062639158000163METALURGICA ESTAMPARIA L LTDA 1110202300000000122561200000000000000009028358          0000000000000003021109202304627051800014600000000000000000000000000011102033 
0010001300020G 01341929500000023996715700047406685140157600002062639158000163METALURGICA ESTAMPARIA L LTDA 1110202300000000023996700000000000000009028365          0000000000000001021109202304627051800014600000000000000000000000000011102033 
0010001300021G 01341989500001172949911265172652600763654510002044068211000131METALAC SPS IND E COM LTDA    1110202300000001172949900000000000000009308140          0000000000000001030609202304627051800014600000000000000000000000000011102033 
0010001300022G 01237949491000014900002920932540000002009969902055270383000100NAO POSSUI                    02102023000000000149000000000000000000093738            0000000000000001021109202304627051800014600000000000000000000000000001122023 
0010001300023G 01237999486000046834233920232540000097000169202036499124000100EMPOLI ATIVIDADES DE COBRANCA 27092023000000000468342000000000000000090003682402      0000000000000003021808202304627051800014600000000000000000000000010226112023 
0010001300024H 012054800768000179SHOCK METAIS NAO FERROSOS LTDA          000000000000000000000000000000000000000000000000300000000000000000000000000000000000000                                                                                
0010001300025G 01033919524000013635193502104000000013514301042002275654000153GRAFICA SUPREMA EMBALAGENS LTD041120230000000001363510000000000000000957771 3         0000000000000001020509202304627051800014600000000000000000000000015502052024 
0010001300026G 01341919494000062633811265250515002026366500002050748748000145CARTONAGEM JAUENSE LTDA       0510202300000000062633800000000000000009115664   1      0000000000000003020509202304627051800014600000000000000000000000000005102033 
0010001300027G 01341929524000062615011265250517602026366500002050748748000145CARTONAGEM JAUENSE LTDA       0411202300000000062615000000000000000009115664   3      0000000000000003020509202304627051800014600000000000000000000000000004112033 
0010001300028G 01341959509000062615011265250516802026366500002050748748000145CARTONAGEM JAUENSE LTDA       2010202300000000062615000000000000000009115664   2      0000000000000003020509202304627051800014600000000000000000000000000020102033 
0010001300029G 01341929498000162848815700040743710170500040002048059430000105ISABE OLEO HIDRAULICA LTDA EPP091020230000000016284880000000000000000910956           0000000000000001021109202304627051800014600000000000000000000000000009102033 
0010001300030H 010000000000000000                                        000000000000000000000000000000000000000000000000110102023000000000032570000000000000000                                                                                
0010001300031G 01341919488000022640011265265595512480590220002062232889000190BANCO DAYCOVAL SA             2909202300000000022640000000000000000009822768001       0000000000000001030109202304627051800014600000000000000000000000000029092033 
0010001300032H 012047854831000194BANDEIRANTE QUIMICA LTDA                000000000000000000000000000000000000000000000000300000000000000000000000000000000000000                                                                                
0010001300033G 01237989524000084160002980932540000045000242002028218067000116BF CAPITAL SECURITIZADORA S A 041120230000000008416000000000000000000938381           0000000000000001021109202304627051800014600000000000000000000000000003012024 
0010001300034H 012059172791000180METALURGICA LUCCO LTDA                  000000000000000000000000000000000000000000000000205112023000000000000200000000000000000                                                                                
00100015         000036000000000032658800                                                                                                                                                                                                       
00199999         000001000038000000                                                                                                                                                            00000000000000000000000000000                    
